<?xml version="1.0" encoding="ISO-8859-1"?>
<ENVELOPE>
    <HEADER>
        <TALLYREQUEST>Import Data</TALLYREQUEST>
    </HEADER>
    <BODY>
        <IMPORTDATA>
            <REQUESTDESC>
                <REPORTNAME>TALLY INTERFACE</REPORTNAME>
                <STATICVARIABLES>
                    <SVCURRENTCOMPANY>Blue Nile properties pvt ltd-Joe Beach Resort</SVCURRENTCOMPANY>
                </STATICVARIABLES>
            </REQUESTDESC>
            <REQUESTDATA>
    <TALLYMESSAGE xmlns:UDF="TallyUDF">
        <VOUCHER VCHTYPE="Counter Sales" ACTION="Create">
            <ISOPTIONAL>No</ISOPTIONAL>
            <USEFORGAINLOSS>No</USEFORGAINLOSS>
            <USEFORCOMPOUND>No</USEFORCOMPOUND>
            <VOUCHERTYPENAME>Counter Sales</VOUCHERTYPENAME>
            <DATE>25/11/2024</DATE>
            <EFFECTIVEDATE>25/11/2024</EFFECTIVEDATE>
            <ISCANCELLED>No</ISCANCELLED>
            <USETRACKINGNUMBER>No</USETRACKINGNUMBER>
            <ISPOSTDATED>No</ISPOSTDATED>
            <ISINVOICE>No</ISINVOICE>
            <DIFFACTUALQTY>No</DIFFACTUALQTY>
            <VOUCHERNUMBER>FO-202400460</VOUCHERNUMBER>
            <REFERENCE>FO-202400460</REFERENCE>
            <PARTYLEDGERNAME></PARTYLEDGERNAME>
            <NARRATION>FO BILL: FO-202400460 GUEST NAME: ASHIR BHAVAN PRIORY; Arr.Dt:24/11/2024; Dep.Dt:25/11/2024; Roomno:103,104,108,109 : Recpt#: FO-202400460</NARRATION>
            <UDF:HARYANAVAT.LIST DESC="`HARYANAVAT`"></UDF:HARYANAVAT.LIST><ALLLEDGERENTRIES.LIST>
                <REMOVEZEROENTRIES>No</REMOVEZEROENTRIES>
                <ISDEEMEDPOSITIVE>Yes</ISDEEMEDPOSITIVE>
                <LEDGERFROMITEM>No</LEDGERFROMITEM><LEDGERNAME>Cash</LEDGERNAME>
                <AMOUNT>-6720.00</AMOUNT></ALLLEDGERENTRIES.LIST>  <ALLLEDGERENTRIES.LIST>
                <REMOVEZEROENTRIES>No</REMOVEZEROENTRIES>
                <ISDEEMEDPOSITIVE>No</ISDEEMEDPOSITIVE>
                <LEDGERFROMITEM>No</LEDGERFROMITEM>
                <LEDGERNAME>TARIFF</LEDGERNAME>
                <AMOUNT>6000</AMOUNT>
            </ALLLEDGERENTRIES.LIST>
            <ALLLEDGERENTRIES.LIST>
                <REMOVEZEROENTRIES>No</REMOVEZEROENTRIES>
                <ISDEEMEDPOSITIVE>No</ISDEEMEDPOSITIVE>
                <LEDGERFROMITEM>No</LEDGERFROMITEM>
                <LEDGERNAME>CGST@6%</LEDGERNAME>
                <AMOUNT>360</AMOUNT>
            </ALLLEDGERENTRIES.LIST>
            <ALLLEDGERENTRIES.LIST>
                <REMOVEZEROENTRIES>No</REMOVEZEROENTRIES>
                <ISDEEMEDPOSITIVE>No</ISDEEMEDPOSITIVE>
                <LEDGERFROMITEM>No</LEDGERFROMITEM>
                <LEDGERNAME>SGST@6%</LEDGERNAME>
                <AMOUNT>360</AMOUNT>
            </ALLLEDGERENTRIES.LIST>
        </VOUCHER>
    </TALLYMESSAGE>
    <TALLYMESSAGE xmlns:UDF="TallyUDF">
        <VOUCHER VCHTYPE="Counter Sales" ACTION="Create">
            <ISOPTIONAL>No</ISOPTIONAL>
            <USEFORGAINLOSS>No</USEFORGAINLOSS>
            <USEFORCOMPOUND>No</USEFORCOMPOUND>
            <VOUCHERTYPENAME>Counter Sales</VOUCHERTYPENAME>
            <DATE>30/11/2024</DATE>
            <EFFECTIVEDATE>30/11/2024</EFFECTIVEDATE>
            <ISCANCELLED>No</ISCANCELLED>
            <USETRACKINGNUMBER>No</USETRACKINGNUMBER>
            <ISPOSTDATED>No</ISPOSTDATED>
            <ISINVOICE>No</ISINVOICE>
            <DIFFACTUALQTY>No</DIFFACTUALQTY>
            <VOUCHERNUMBER>FO-202400467</VOUCHERNUMBER>
            <REFERENCE>FO-202400467</REFERENCE>
            <PARTYLEDGERNAME></PARTYLEDGERNAME>
            <NARRATION>FO BILL: FO-202400467 GUEST NAME: PAUL KOSTKA; Arr.Dt:28/11/2024; Dep.Dt:30/11/2024; Roomno:224,230,217 : Recpt#: FO-202400467</NARRATION>
            <UDF:HARYANAVAT.LIST DESC="`HARYANAVAT`"></UDF:HARYANAVAT.LIST><ALLLEDGERENTRIES.LIST>
                <REMOVEZEROENTRIES>No</REMOVEZEROENTRIES>
                <ISDEEMEDPOSITIVE>Yes</ISDEEMEDPOSITIVE>
                <LEDGERFROMITEM>No</LEDGERFROMITEM><LEDGERNAME>Cash</LEDGERNAME>
                <AMOUNT>-15120.00</AMOUNT></ALLLEDGERENTRIES.LIST>  <ALLLEDGERENTRIES.LIST>
                <REMOVEZEROENTRIES>No</REMOVEZEROENTRIES>
                <ISDEEMEDPOSITIVE>No</ISDEEMEDPOSITIVE>
                <LEDGERFROMITEM>No</LEDGERFROMITEM>
                <LEDGERNAME>TARIFF</LEDGERNAME>
                <AMOUNT>13500</AMOUNT>
            </ALLLEDGERENTRIES.LIST>
            <ALLLEDGERENTRIES.LIST>
                <REMOVEZEROENTRIES>No</REMOVEZEROENTRIES>
                <ISDEEMEDPOSITIVE>No</ISDEEMEDPOSITIVE>
                <LEDGERFROMITEM>No</LEDGERFROMITEM>
                <LEDGERNAME>CGST@6%</LEDGERNAME>
                <AMOUNT>810</AMOUNT>
            </ALLLEDGERENTRIES.LIST>
            <ALLLEDGERENTRIES.LIST>
                <REMOVEZEROENTRIES>No</REMOVEZEROENTRIES>
                <ISDEEMEDPOSITIVE>No</ISDEEMEDPOSITIVE>
                <LEDGERFROMITEM>No</LEDGERFROMITEM>
                <LEDGERNAME>SGST@6%</LEDGERNAME>
                <AMOUNT>810</AMOUNT>
            </ALLLEDGERENTRIES.LIST>
        </VOUCHER>
    </TALLYMESSAGE>
    <TALLYMESSAGE xmlns:UDF="TallyUDF">
        <VOUCHER VCHTYPE="Counter Sales" ACTION="Create">
            <ISOPTIONAL>No</ISOPTIONAL>
            <USEFORGAINLOSS>No</USEFORGAINLOSS>
            <USEFORCOMPOUND>No</USEFORCOMPOUND>
            <VOUCHERTYPENAME>Counter Sales</VOUCHERTYPENAME>
            <DATE>30/11/2024</DATE>
            <EFFECTIVEDATE>30/11/2024</EFFECTIVEDATE>
            <ISCANCELLED>No</ISCANCELLED>
            <USETRACKINGNUMBER>No</USETRACKINGNUMBER>
            <ISPOSTDATED>No</ISPOSTDATED>
            <ISINVOICE>No</ISINVOICE>
            <DIFFACTUALQTY>No</DIFFACTUALQTY>
            <VOUCHERNUMBER>FO-202400469</VOUCHERNUMBER>
            <REFERENCE>FO-202400469</REFERENCE>
            <PARTYLEDGERNAME></PARTYLEDGERNAME>
            <NARRATION>FO BILL: FO-202400469 GUEST NAME: CENTRE FOR  RURAL INNOVATION  TECHNOLOGY DEVELOPMENT; Arr.Dt:29/11/2024; Dep.Dt:30/11/2024; Roomno:217 : Recpt#: FO-202400469</NARRATION>
            <UDF:HARYANAVAT.LIST DESC="`HARYANAVAT`"></UDF:HARYANAVAT.LIST><ALLLEDGERENTRIES.LIST>
                <REMOVEZEROENTRIES>No</REMOVEZEROENTRIES>
                <ISDEEMEDPOSITIVE>Yes</ISDEEMEDPOSITIVE>
                <LEDGERFROMITEM>No</LEDGERFROMITEM><LEDGERNAME>CBI 5532547292</LEDGERNAME>
                <AMOUNT>-2800.00</AMOUNT></ALLLEDGERENTRIES.LIST>  <ALLLEDGERENTRIES.LIST>
                <REMOVEZEROENTRIES>No</REMOVEZEROENTRIES>
                <ISDEEMEDPOSITIVE>No</ISDEEMEDPOSITIVE>
                <LEDGERFROMITEM>No</LEDGERFROMITEM>
                <LEDGERNAME>TARIFF</LEDGERNAME>
                <AMOUNT>2500</AMOUNT>
            </ALLLEDGERENTRIES.LIST>
            <ALLLEDGERENTRIES.LIST>
                <REMOVEZEROENTRIES>No</REMOVEZEROENTRIES>
                <ISDEEMEDPOSITIVE>No</ISDEEMEDPOSITIVE>
                <LEDGERFROMITEM>No</LEDGERFROMITEM>
                <LEDGERNAME>CGST@6%</LEDGERNAME>
                <AMOUNT>150</AMOUNT>
            </ALLLEDGERENTRIES.LIST>
            <ALLLEDGERENTRIES.LIST>
                <REMOVEZEROENTRIES>No</REMOVEZEROENTRIES>
                <ISDEEMEDPOSITIVE>No</ISDEEMEDPOSITIVE>
                <LEDGERFROMITEM>No</LEDGERFROMITEM>
                <LEDGERNAME>SGST@6%</LEDGERNAME>
                <AMOUNT>150</AMOUNT>
            </ALLLEDGERENTRIES.LIST>
        </VOUCHER>
    </TALLYMESSAGE>
    <TALLYMESSAGE xmlns:UDF="TallyUDF">
        <VOUCHER VCHTYPE="Counter Sales" ACTION="Create">
            <ISOPTIONAL>No</ISOPTIONAL>
            <USEFORGAINLOSS>No</USEFORGAINLOSS>
            <USEFORCOMPOUND>No</USEFORCOMPOUND>
            <VOUCHERTYPENAME>Counter Sales</VOUCHERTYPENAME>
            <DATE>30/11/2024</DATE>
            <EFFECTIVEDATE>30/11/2024</EFFECTIVEDATE>
            <ISCANCELLED>No</ISCANCELLED>
            <USETRACKINGNUMBER>No</USETRACKINGNUMBER>
            <ISPOSTDATED>No</ISPOSTDATED>
            <ISINVOICE>No</ISINVOICE>
            <DIFFACTUALQTY>No</DIFFACTUALQTY>
            <VOUCHERNUMBER>FO-202400463</VOUCHERNUMBER>
            <REFERENCE>FO-202400463</REFERENCE>
            <PARTYLEDGERNAME></PARTYLEDGERNAME>
            <NARRATION>FO BILL: FO-202400463 GUEST NAME: FOUNDATION OF HIS SACRED MAJESTY; Arr.Dt:26/11/2024; Dep.Dt:30/11/2024; Roomno:201,202,203,204,205,206,207,208,209,210,211,212,213,214,215,218,219,220,221,222 : Recpt#: FO-202400463</NARRATION>
            <UDF:HARYANAVAT.LIST DESC="`HARYANAVAT`"></UDF:HARYANAVAT.LIST><ALLLEDGERENTRIES.LIST>
                <REMOVEZEROENTRIES>No</REMOVEZEROENTRIES>
                <ISDEEMEDPOSITIVE>Yes</ISDEEMEDPOSITIVE>
                <LEDGERFROMITEM>No</LEDGERFROMITEM><LEDGERNAME>INH ADVANCE</LEDGERNAME>
                <AMOUNT>-200000.00</AMOUNT> </ALLLEDGERENTRIES.LIST><ALLLEDGERENTRIES.LIST>
                <REMOVEZEROENTRIES>No</REMOVEZEROENTRIES>
                <ISDEEMEDPOSITIVE>Yes</ISDEEMEDPOSITIVE>
                <LEDGERFROMITEM>No</LEDGERFROMITEM><LEDGERNAME>FOUNDATION OF HIS SACRED MAJESTY</LEDGERNAME>
                <AMOUNT>-12800.00</AMOUNT></ALLLEDGERENTRIES.LIST>  <ALLLEDGERENTRIES.LIST>
                <REMOVEZEROENTRIES>No</REMOVEZEROENTRIES>
                <ISDEEMEDPOSITIVE>No</ISDEEMEDPOSITIVE>
                <LEDGERFROMITEM>No</LEDGERFROMITEM>
                <LEDGERNAME>TARIFF</LEDGERNAME>
                <AMOUNT>190000</AMOUNT>
            </ALLLEDGERENTRIES.LIST>
            <ALLLEDGERENTRIES.LIST>
                <REMOVEZEROENTRIES>No</REMOVEZEROENTRIES>
                <ISDEEMEDPOSITIVE>No</ISDEEMEDPOSITIVE>
                <LEDGERFROMITEM>No</LEDGERFROMITEM>
                <LEDGERNAME>CGST@6%</LEDGERNAME>
                <AMOUNT>11400</AMOUNT>
            </ALLLEDGERENTRIES.LIST>
            <ALLLEDGERENTRIES.LIST>
                <REMOVEZEROENTRIES>No</REMOVEZEROENTRIES>
                <ISDEEMEDPOSITIVE>No</ISDEEMEDPOSITIVE>
                <LEDGERFROMITEM>No</LEDGERFROMITEM>
                <LEDGERNAME>SGST@6%</LEDGERNAME>
                <AMOUNT>11400</AMOUNT>
            </ALLLEDGERENTRIES.LIST>
        </VOUCHER>
    </TALLYMESSAGE>
<TALLYMESSAGE xmlns:UDF="TallyUDF">
    <VOUCHER VCHTYPE="Counter Sales" ACTION="Create">
        <ISOPTIONAL>No</ISOPTIONAL>
        <USEFORGAINLOSS>No</USEFORGAINLOSS>
        <USEFORCOMPOUND>No</USEFORCOMPOUND>
        <VOUCHERTYPENAME>Counter Sales</VOUCHERTYPENAME>
        <DATE>25-11-2024</DATE>
        <EFFECTIVEDATE>25-11-2024</EFFECTIVEDATE>
        <ISCANCELLED>No</ISCANCELLED>
        <USETRACKINGNUMBER>No</USETRACKINGNUMBER>
        <ISPOSTDATED>No</ISPOSTDATED>
        <ISINVOICE>No</ISINVOICE>
        <DIFFACTUALQTY>No</DIFFACTUALQTY>
        <VOUCHERNUMBER>DIN202400356</VOUCHERNUMBER>
        <REFERENCE>DIN202400356</REFERENCE>
        <PARTYLEDGERNAME></PARTYLEDGERNAME>
      <NARRATION>DIN202400356 GUEST NAME:103,104,108,109</NARRATION>

        <UDF:HARYANAVAT.LIST DESC="`HARYANAVAT`"></UDF:HARYANAVAT.LIST><ALLLEDGERENTRIES.LIST>
                <REMOVEZEROENTRIES>No</REMOVEZEROENTRIES>
                <ISDEEMEDPOSITIVE>Yes</ISDEEMEDPOSITIVE>
                <LEDGERFROMITEM>No</LEDGERFROMITEM><LEDGERNAME>Cash</LEDGERNAME>
                <AMOUNT>-1102</AMOUNT>
     <BILLALLOCATIONS.LIST>
                    <NAME>DIN202400356</NAME>
                    <BILLTYPE>New Ref</BILLTYPE>
                    <BILLCREDITPERIOD/>
                    <AMOUNT>-1102
                    </AMOUNT>
                </BILLALLOCATIONS.LIST>
                 </ALLLEDGERENTRIES.LIST>
       <ALLLEDGERENTRIES.LIST>
                <REMOVEZEROENTRIES>No</REMOVEZEROENTRIES>
                <ISDEEMEDPOSITIVE>Yes</ISDEEMEDPOSITIVE>
                <LEDGERFROMITEM>No</LEDGERFROMITEM><BILLALLOCATIONS.LIST>
                    <NAME>DIN202400356</NAME>
                    <BILLTYPE>New Ref</BILLTYPE>
                    <BILLCREDITPERIOD/>
                    <AMOUNT>-1102
                    </AMOUNT>
                </BILLALLOCATIONS.LIST>
            </ALLLEDGERENTRIES.LIST>


        

   <ALLLEDGERENTRIES.LIST>
                <REMOVEZEROENTRIES>No</REMOVEZEROENTRIES>
                <ISDEEMEDPOSITIVE>No</ISDEEMEDPOSITIVE>
                <LEDGERFROMITEM>No</LEDGERFROMITEM>
                <LEDGERNAME>Food @5%</LEDGERNAME>
                <AMOUNT>1050</AMOUNT>
            </ALLLEDGERENTRIES.LIST>
            <ALLLEDGERENTRIES.LIST>
                <REMOVEZEROENTRIES>No</REMOVEZEROENTRIES>
                <ISDEEMEDPOSITIVE>No</ISDEEMEDPOSITIVE>
                <LEDGERFROMITEM>No</LEDGERFROMITEM>
                <LEDGERNAME>CGST@2.5%</LEDGERNAME>
                <AMOUNT>26</AMOUNT>
            </ALLLEDGERENTRIES.LIST>
            <ALLLEDGERENTRIES.LIST>
                <REMOVEZEROENTRIES>No</REMOVEZEROENTRIES>
                <ISDEEMEDPOSITIVE>No</ISDEEMEDPOSITIVE>
                <LEDGERFROMITEM>No</LEDGERFROMITEM>
                <LEDGERNAME>SGST@2.5%</LEDGERNAME>
                <AMOUNT>26</AMOUNT>
            </ALLLEDGERENTRIES.LIST>
        
    </VOUCHER>
</TALLYMESSAGE>
<TALLYMESSAGE xmlns:UDF="TallyUDF">
    <VOUCHER VCHTYPE="Counter Sales" ACTION="Create">
        <ISOPTIONAL>No</ISOPTIONAL>
        <USEFORGAINLOSS>No</USEFORGAINLOSS>
        <USEFORCOMPOUND>No</USEFORCOMPOUND>
        <VOUCHERTYPENAME>Counter Sales</VOUCHERTYPENAME>
        <DATE>25-11-2024</DATE>
        <EFFECTIVEDATE>25-11-2024</EFFECTIVEDATE>
        <ISCANCELLED>No</ISCANCELLED>
        <USETRACKINGNUMBER>No</USETRACKINGNUMBER>
        <ISPOSTDATED>No</ISPOSTDATED>
        <ISINVOICE>No</ISINVOICE>
        <DIFFACTUALQTY>No</DIFFACTUALQTY>
        <VOUCHERNUMBER>DIN202400357</VOUCHERNUMBER>
        <REFERENCE>DIN202400357</REFERENCE>
        <PARTYLEDGERNAME></PARTYLEDGERNAME>
      <NARRATION>DIN202400357 GUEST NAME:RAJESH CHOUDHARY</NARRATION>

        <UDF:HARYANAVAT.LIST DESC="`HARYANAVAT`"></UDF:HARYANAVAT.LIST><ALLLEDGERENTRIES.LIST>
                <REMOVEZEROENTRIES>No</REMOVEZEROENTRIES>
                <ISDEEMEDPOSITIVE>Yes</ISDEEMEDPOSITIVE>
                <LEDGERFROMITEM>No</LEDGERFROMITEM><LEDGERNAME>CBI 5532547292</LEDGERNAME>
                <AMOUNT>-158</AMOUNT>
     <BILLALLOCATIONS.LIST>
                    <NAME>DIN202400357</NAME>
                    <BILLTYPE>New Ref</BILLTYPE>
                    <BILLCREDITPERIOD/>
                    <AMOUNT>-158
                    </AMOUNT>
                </BILLALLOCATIONS.LIST>
                 </ALLLEDGERENTRIES.LIST>
       <ALLLEDGERENTRIES.LIST>
                <REMOVEZEROENTRIES>No</REMOVEZEROENTRIES>
                <ISDEEMEDPOSITIVE>Yes</ISDEEMEDPOSITIVE>
                <LEDGERFROMITEM>No</LEDGERFROMITEM><BILLALLOCATIONS.LIST>
                    <NAME>DIN202400357</NAME>
                    <BILLTYPE>New Ref</BILLTYPE>
                    <BILLCREDITPERIOD/>
                    <AMOUNT>-158
                    </AMOUNT>
                </BILLALLOCATIONS.LIST>
            </ALLLEDGERENTRIES.LIST>


        

   <ALLLEDGERENTRIES.LIST>
                <REMOVEZEROENTRIES>No</REMOVEZEROENTRIES>
                <ISDEEMEDPOSITIVE>No</ISDEEMEDPOSITIVE>
                <LEDGERFROMITEM>No</LEDGERFROMITEM>
                <LEDGERNAME>Food @5%</LEDGERNAME>
                <AMOUNT>150</AMOUNT>
            </ALLLEDGERENTRIES.LIST>
            <ALLLEDGERENTRIES.LIST>
                <REMOVEZEROENTRIES>No</REMOVEZEROENTRIES>
                <ISDEEMEDPOSITIVE>No</ISDEEMEDPOSITIVE>
                <LEDGERFROMITEM>No</LEDGERFROMITEM>
                <LEDGERNAME>CGST@2.5%</LEDGERNAME>
                <AMOUNT>4</AMOUNT>
            </ALLLEDGERENTRIES.LIST>
            <ALLLEDGERENTRIES.LIST>
                <REMOVEZEROENTRIES>No</REMOVEZEROENTRIES>
                <ISDEEMEDPOSITIVE>No</ISDEEMEDPOSITIVE>
                <LEDGERFROMITEM>No</LEDGERFROMITEM>
                <LEDGERNAME>SGST@2.5%</LEDGERNAME>
                <AMOUNT>4</AMOUNT>
            </ALLLEDGERENTRIES.LIST>
        
    </VOUCHER>
</TALLYMESSAGE>
<TALLYMESSAGE xmlns:UDF="TallyUDF">
    <VOUCHER VCHTYPE="Counter Sales" ACTION="Create">
        <ISOPTIONAL>No</ISOPTIONAL>
        <USEFORGAINLOSS>No</USEFORGAINLOSS>
        <USEFORCOMPOUND>No</USEFORCOMPOUND>
        <VOUCHERTYPENAME>Counter Sales</VOUCHERTYPENAME>
        <DATE>25-11-2024</DATE>
        <EFFECTIVEDATE>25-11-2024</EFFECTIVEDATE>
        <ISCANCELLED>No</ISCANCELLED>
        <USETRACKINGNUMBER>No</USETRACKINGNUMBER>
        <ISPOSTDATED>No</ISPOSTDATED>
        <ISINVOICE>No</ISINVOICE>
        <DIFFACTUALQTY>No</DIFFACTUALQTY>
        <VOUCHERNUMBER>DIN202400358</VOUCHERNUMBER>
        <REFERENCE>DIN202400358</REFERENCE>
        <PARTYLEDGERNAME></PARTYLEDGERNAME>
      <NARRATION>DIN202400358 GUEST NAME:SOE HTIKE SAN</NARRATION>

        <UDF:HARYANAVAT.LIST DESC="`HARYANAVAT`"></UDF:HARYANAVAT.LIST><ALLLEDGERENTRIES.LIST>
                <REMOVEZEROENTRIES>No</REMOVEZEROENTRIES>
                <ISDEEMEDPOSITIVE>Yes</ISDEEMEDPOSITIVE>
                <LEDGERFROMITEM>No</LEDGERFROMITEM><LEDGERNAME>CBI 5532547292</LEDGERNAME>
                <AMOUNT>-672</AMOUNT>
     <BILLALLOCATIONS.LIST>
                    <NAME>DIN202400358</NAME>
                    <BILLTYPE>New Ref</BILLTYPE>
                    <BILLCREDITPERIOD/>
                    <AMOUNT>-672
                    </AMOUNT>
                </BILLALLOCATIONS.LIST>
                 </ALLLEDGERENTRIES.LIST>
       <ALLLEDGERENTRIES.LIST>
                <REMOVEZEROENTRIES>No</REMOVEZEROENTRIES>
                <ISDEEMEDPOSITIVE>Yes</ISDEEMEDPOSITIVE>
                <LEDGERFROMITEM>No</LEDGERFROMITEM><BILLALLOCATIONS.LIST>
                    <NAME>DIN202400358</NAME>
                    <BILLTYPE>New Ref</BILLTYPE>
                    <BILLCREDITPERIOD/>
                    <AMOUNT>-672
                    </AMOUNT>
                </BILLALLOCATIONS.LIST>
            </ALLLEDGERENTRIES.LIST>


        

   <ALLLEDGERENTRIES.LIST>
                <REMOVEZEROENTRIES>No</REMOVEZEROENTRIES>
                <ISDEEMEDPOSITIVE>No</ISDEEMEDPOSITIVE>
                <LEDGERFROMITEM>No</LEDGERFROMITEM>
                <LEDGERNAME>Food @5%</LEDGERNAME>
                <AMOUNT>640</AMOUNT>
            </ALLLEDGERENTRIES.LIST>
            <ALLLEDGERENTRIES.LIST>
                <REMOVEZEROENTRIES>No</REMOVEZEROENTRIES>
                <ISDEEMEDPOSITIVE>No</ISDEEMEDPOSITIVE>
                <LEDGERFROMITEM>No</LEDGERFROMITEM>
                <LEDGERNAME>CGST@2.5%</LEDGERNAME>
                <AMOUNT>16</AMOUNT>
            </ALLLEDGERENTRIES.LIST>
            <ALLLEDGERENTRIES.LIST>
                <REMOVEZEROENTRIES>No</REMOVEZEROENTRIES>
                <ISDEEMEDPOSITIVE>No</ISDEEMEDPOSITIVE>
                <LEDGERFROMITEM>No</LEDGERFROMITEM>
                <LEDGERNAME>SGST@2.5%</LEDGERNAME>
                <AMOUNT>16</AMOUNT>
            </ALLLEDGERENTRIES.LIST>
        
    </VOUCHER>
</TALLYMESSAGE>
<TALLYMESSAGE xmlns:UDF="TallyUDF">
    <VOUCHER VCHTYPE="Counter Sales" ACTION="Create">
        <ISOPTIONAL>No</ISOPTIONAL>
        <USEFORGAINLOSS>No</USEFORGAINLOSS>
        <USEFORCOMPOUND>No</USEFORCOMPOUND>
        <VOUCHERTYPENAME>Counter Sales</VOUCHERTYPENAME>
        <DATE>25-11-2024</DATE>
        <EFFECTIVEDATE>25-11-2024</EFFECTIVEDATE>
        <ISCANCELLED>No</ISCANCELLED>
        <USETRACKINGNUMBER>No</USETRACKINGNUMBER>
        <ISPOSTDATED>No</ISPOSTDATED>
        <ISINVOICE>No</ISINVOICE>
        <DIFFACTUALQTY>No</DIFFACTUALQTY>
        <VOUCHERNUMBER>DIN202400359</VOUCHERNUMBER>
        <REFERENCE>DIN202400359</REFERENCE>
        <PARTYLEDGERNAME></PARTYLEDGERNAME>
      <NARRATION>DIN202400359 GUEST NAME:Antony Sekar</NARRATION>

        <UDF:HARYANAVAT.LIST DESC="`HARYANAVAT`"></UDF:HARYANAVAT.LIST><ALLLEDGERENTRIES.LIST>
                <REMOVEZEROENTRIES>No</REMOVEZEROENTRIES>
                <ISDEEMEDPOSITIVE>Yes</ISDEEMEDPOSITIVE>
                <LEDGERFROMITEM>No</LEDGERFROMITEM><LEDGERNAME>Cash</LEDGERNAME>
                <AMOUNT>-2196</AMOUNT>
     <BILLALLOCATIONS.LIST>
                    <NAME>DIN202400359</NAME>
                    <BILLTYPE>New Ref</BILLTYPE>
                    <BILLCREDITPERIOD/>
                    <AMOUNT>-2196
                    </AMOUNT>
                </BILLALLOCATIONS.LIST>
                 </ALLLEDGERENTRIES.LIST>
       <ALLLEDGERENTRIES.LIST>
                <REMOVEZEROENTRIES>No</REMOVEZEROENTRIES>
                <ISDEEMEDPOSITIVE>Yes</ISDEEMEDPOSITIVE>
                <LEDGERFROMITEM>No</LEDGERFROMITEM><BILLALLOCATIONS.LIST>
                    <NAME>DIN202400359</NAME>
                    <BILLTYPE>New Ref</BILLTYPE>
                    <BILLCREDITPERIOD/>
                    <AMOUNT>-2196
                    </AMOUNT>
                </BILLALLOCATIONS.LIST>
            </ALLLEDGERENTRIES.LIST>


        

   <ALLLEDGERENTRIES.LIST>
                <REMOVEZEROENTRIES>No</REMOVEZEROENTRIES>
                <ISDEEMEDPOSITIVE>No</ISDEEMEDPOSITIVE>
                <LEDGERFROMITEM>No</LEDGERFROMITEM>
                <LEDGERNAME>Food @5%</LEDGERNAME>
                <AMOUNT>2092</AMOUNT>
            </ALLLEDGERENTRIES.LIST>
            <ALLLEDGERENTRIES.LIST>
                <REMOVEZEROENTRIES>No</REMOVEZEROENTRIES>
                <ISDEEMEDPOSITIVE>No</ISDEEMEDPOSITIVE>
                <LEDGERFROMITEM>No</LEDGERFROMITEM>
                <LEDGERNAME>CGST@2.5%</LEDGERNAME>
                <AMOUNT>52</AMOUNT>
            </ALLLEDGERENTRIES.LIST>
            <ALLLEDGERENTRIES.LIST>
                <REMOVEZEROENTRIES>No</REMOVEZEROENTRIES>
                <ISDEEMEDPOSITIVE>No</ISDEEMEDPOSITIVE>
                <LEDGERFROMITEM>No</LEDGERFROMITEM>
                <LEDGERNAME>SGST@2.5%</LEDGERNAME>
                <AMOUNT>52</AMOUNT>
            </ALLLEDGERENTRIES.LIST>
        
    </VOUCHER>
</TALLYMESSAGE>
<TALLYMESSAGE xmlns:UDF="TallyUDF">
    <VOUCHER VCHTYPE="Counter Sales" ACTION="Create">
        <ISOPTIONAL>No</ISOPTIONAL>
        <USEFORGAINLOSS>No</USEFORGAINLOSS>
        <USEFORCOMPOUND>No</USEFORCOMPOUND>
        <VOUCHERTYPENAME>Counter Sales</VOUCHERTYPENAME>
        <DATE>25-11-2024</DATE>
        <EFFECTIVEDATE>25-11-2024</EFFECTIVEDATE>
        <ISCANCELLED>No</ISCANCELLED>
        <USETRACKINGNUMBER>No</USETRACKINGNUMBER>
        <ISPOSTDATED>No</ISPOSTDATED>
        <ISINVOICE>No</ISINVOICE>
        <DIFFACTUALQTY>No</DIFFACTUALQTY>
        <VOUCHERNUMBER>DIN202400360</VOUCHERNUMBER>
        <REFERENCE>DIN202400360</REFERENCE>
        <PARTYLEDGERNAME></PARTYLEDGERNAME>
      <NARRATION>DIN202400360 GUEST NAME:Emmanuvel Joel</NARRATION>

        <UDF:HARYANAVAT.LIST DESC="`HARYANAVAT`"></UDF:HARYANAVAT.LIST><ALLLEDGERENTRIES.LIST>
                <REMOVEZEROENTRIES>No</REMOVEZEROENTRIES>
                <ISDEEMEDPOSITIVE>Yes</ISDEEMEDPOSITIVE>
                <LEDGERFROMITEM>No</LEDGERFROMITEM><LEDGERNAME>Cash</LEDGERNAME>
                <AMOUNT>-5378</AMOUNT>
     <BILLALLOCATIONS.LIST>
                    <NAME>DIN202400360</NAME>
                    <BILLTYPE>New Ref</BILLTYPE>
                    <BILLCREDITPERIOD/>
                    <AMOUNT>-5378
                    </AMOUNT>
                </BILLALLOCATIONS.LIST>
                 </ALLLEDGERENTRIES.LIST>
       <ALLLEDGERENTRIES.LIST>
                <REMOVEZEROENTRIES>No</REMOVEZEROENTRIES>
                <ISDEEMEDPOSITIVE>Yes</ISDEEMEDPOSITIVE>
                <LEDGERFROMITEM>No</LEDGERFROMITEM><BILLALLOCATIONS.LIST>
                    <NAME>DIN202400360</NAME>
                    <BILLTYPE>New Ref</BILLTYPE>
                    <BILLCREDITPERIOD/>
                    <AMOUNT>-5378
                    </AMOUNT>
                </BILLALLOCATIONS.LIST>
            </ALLLEDGERENTRIES.LIST>


        

   <ALLLEDGERENTRIES.LIST>
                <REMOVEZEROENTRIES>No</REMOVEZEROENTRIES>
                <ISDEEMEDPOSITIVE>No</ISDEEMEDPOSITIVE>
                <LEDGERFROMITEM>No</LEDGERFROMITEM>
                <LEDGERNAME>Food @5%</LEDGERNAME>
                <AMOUNT>5122</AMOUNT>
            </ALLLEDGERENTRIES.LIST>
            <ALLLEDGERENTRIES.LIST>
                <REMOVEZEROENTRIES>No</REMOVEZEROENTRIES>
                <ISDEEMEDPOSITIVE>No</ISDEEMEDPOSITIVE>
                <LEDGERFROMITEM>No</LEDGERFROMITEM>
                <LEDGERNAME>CGST@2.5%</LEDGERNAME>
                <AMOUNT>128</AMOUNT>
            </ALLLEDGERENTRIES.LIST>
            <ALLLEDGERENTRIES.LIST>
                <REMOVEZEROENTRIES>No</REMOVEZEROENTRIES>
                <ISDEEMEDPOSITIVE>No</ISDEEMEDPOSITIVE>
                <LEDGERFROMITEM>No</LEDGERFROMITEM>
                <LEDGERNAME>SGST@2.5%</LEDGERNAME>
                <AMOUNT>128</AMOUNT>
            </ALLLEDGERENTRIES.LIST>
        
    </VOUCHER>
</TALLYMESSAGE>
<TALLYMESSAGE xmlns:UDF="TallyUDF">
    <VOUCHER VCHTYPE="Counter Sales" ACTION="Create">
        <ISOPTIONAL>No</ISOPTIONAL>
        <USEFORGAINLOSS>No</USEFORGAINLOSS>
        <USEFORCOMPOUND>No</USEFORCOMPOUND>
        <VOUCHERTYPENAME>Counter Sales</VOUCHERTYPENAME>
        <DATE>25-11-2024</DATE>
        <EFFECTIVEDATE>25-11-2024</EFFECTIVEDATE>
        <ISCANCELLED>No</ISCANCELLED>
        <USETRACKINGNUMBER>No</USETRACKINGNUMBER>
        <ISPOSTDATED>No</ISPOSTDATED>
        <ISINVOICE>No</ISINVOICE>
        <DIFFACTUALQTY>No</DIFFACTUALQTY>
        <VOUCHERNUMBER>DIN202400361</VOUCHERNUMBER>
        <REFERENCE>DIN202400361</REFERENCE>
        <PARTYLEDGERNAME></PARTYLEDGERNAME>
      <NARRATION>DIN202400361 GUEST NAME:FOUNDATION OF HIS SACRED MAJESTY</NARRATION>

        <UDF:HARYANAVAT.LIST DESC="`HARYANAVAT`"></UDF:HARYANAVAT.LIST><ALLLEDGERENTRIES.LIST>
                <REMOVEZEROENTRIES>No</REMOVEZEROENTRIES>
                <ISDEEMEDPOSITIVE>Yes</ISDEEMEDPOSITIVE>
                <LEDGERFROMITEM>No</LEDGERFROMITEM><LEDGERNAME>CBI 5532547292</LEDGERNAME>
                <AMOUNT>-1060</AMOUNT>
     <BILLALLOCATIONS.LIST>
                    <NAME>DIN202400361</NAME>
                    <BILLTYPE>New Ref</BILLTYPE>
                    <BILLCREDITPERIOD/>
                    <AMOUNT>-1060
                    </AMOUNT>
                </BILLALLOCATIONS.LIST>
                 </ALLLEDGERENTRIES.LIST>
       <ALLLEDGERENTRIES.LIST>
                <REMOVEZEROENTRIES>No</REMOVEZEROENTRIES>
                <ISDEEMEDPOSITIVE>Yes</ISDEEMEDPOSITIVE>
                <LEDGERFROMITEM>No</LEDGERFROMITEM><BILLALLOCATIONS.LIST>
                    <NAME>DIN202400361</NAME>
                    <BILLTYPE>New Ref</BILLTYPE>
                    <BILLCREDITPERIOD/>
                    <AMOUNT>-1060
                    </AMOUNT>
                </BILLALLOCATIONS.LIST>
            </ALLLEDGERENTRIES.LIST>


        

   <ALLLEDGERENTRIES.LIST>
                <REMOVEZEROENTRIES>No</REMOVEZEROENTRIES>
                <ISDEEMEDPOSITIVE>No</ISDEEMEDPOSITIVE>
                <LEDGERFROMITEM>No</LEDGERFROMITEM>
                <LEDGERNAME>Food @5%</LEDGERNAME>
                <AMOUNT>1010</AMOUNT>
            </ALLLEDGERENTRIES.LIST>
            <ALLLEDGERENTRIES.LIST>
                <REMOVEZEROENTRIES>No</REMOVEZEROENTRIES>
                <ISDEEMEDPOSITIVE>No</ISDEEMEDPOSITIVE>
                <LEDGERFROMITEM>No</LEDGERFROMITEM>
                <LEDGERNAME>CGST@2.5%</LEDGERNAME>
                <AMOUNT>25</AMOUNT>
            </ALLLEDGERENTRIES.LIST>
            <ALLLEDGERENTRIES.LIST>
                <REMOVEZEROENTRIES>No</REMOVEZEROENTRIES>
                <ISDEEMEDPOSITIVE>No</ISDEEMEDPOSITIVE>
                <LEDGERFROMITEM>No</LEDGERFROMITEM>
                <LEDGERNAME>SGST@2.5%</LEDGERNAME>
                <AMOUNT>25</AMOUNT>
            </ALLLEDGERENTRIES.LIST>
        
    </VOUCHER>
</TALLYMESSAGE>
<TALLYMESSAGE xmlns:UDF="TallyUDF">
    <VOUCHER VCHTYPE="Counter Sales" ACTION="Create">
        <ISOPTIONAL>No</ISOPTIONAL>
        <USEFORGAINLOSS>No</USEFORGAINLOSS>
        <USEFORCOMPOUND>No</USEFORCOMPOUND>
        <VOUCHERTYPENAME>Counter Sales</VOUCHERTYPENAME>
        <DATE>29-11-2024</DATE>
        <EFFECTIVEDATE>29-11-2024</EFFECTIVEDATE>
        <ISCANCELLED>No</ISCANCELLED>
        <USETRACKINGNUMBER>No</USETRACKINGNUMBER>
        <ISPOSTDATED>No</ISPOSTDATED>
        <ISINVOICE>No</ISINVOICE>
        <DIFFACTUALQTY>No</DIFFACTUALQTY>
        <VOUCHERNUMBER>DIN202400362</VOUCHERNUMBER>
        <REFERENCE>DIN202400362</REFERENCE>
        <PARTYLEDGERNAME></PARTYLEDGERNAME>
      <NARRATION>DIN202400362 GUEST NAME:224,230,217</NARRATION>

        <UDF:HARYANAVAT.LIST DESC="`HARYANAVAT`"></UDF:HARYANAVAT.LIST><ALLLEDGERENTRIES.LIST>
                <REMOVEZEROENTRIES>No</REMOVEZEROENTRIES>
                <ISDEEMEDPOSITIVE>Yes</ISDEEMEDPOSITIVE>
                <LEDGERFROMITEM>No</LEDGERFROMITEM><LEDGERNAME>Cash</LEDGERNAME>
                <AMOUNT>-158</AMOUNT>
     <BILLALLOCATIONS.LIST>
                    <NAME>DIN202400362</NAME>
                    <BILLTYPE>New Ref</BILLTYPE>
                    <BILLCREDITPERIOD/>
                    <AMOUNT>-158
                    </AMOUNT>
                </BILLALLOCATIONS.LIST>
                 </ALLLEDGERENTRIES.LIST>
       <ALLLEDGERENTRIES.LIST>
                <REMOVEZEROENTRIES>No</REMOVEZEROENTRIES>
                <ISDEEMEDPOSITIVE>Yes</ISDEEMEDPOSITIVE>
                <LEDGERFROMITEM>No</LEDGERFROMITEM><BILLALLOCATIONS.LIST>
                    <NAME>DIN202400362</NAME>
                    <BILLTYPE>New Ref</BILLTYPE>
                    <BILLCREDITPERIOD/>
                    <AMOUNT>-158
                    </AMOUNT>
                </BILLALLOCATIONS.LIST>
            </ALLLEDGERENTRIES.LIST>


        

   <ALLLEDGERENTRIES.LIST>
                <REMOVEZEROENTRIES>No</REMOVEZEROENTRIES>
                <ISDEEMEDPOSITIVE>No</ISDEEMEDPOSITIVE>
                <LEDGERFROMITEM>No</LEDGERFROMITEM>
                <LEDGERNAME>Food @5%</LEDGERNAME>
                <AMOUNT>150</AMOUNT>
            </ALLLEDGERENTRIES.LIST>
            <ALLLEDGERENTRIES.LIST>
                <REMOVEZEROENTRIES>No</REMOVEZEROENTRIES>
                <ISDEEMEDPOSITIVE>No</ISDEEMEDPOSITIVE>
                <LEDGERFROMITEM>No</LEDGERFROMITEM>
                <LEDGERNAME>CGST@2.5%</LEDGERNAME>
                <AMOUNT>4</AMOUNT>
            </ALLLEDGERENTRIES.LIST>
            <ALLLEDGERENTRIES.LIST>
                <REMOVEZEROENTRIES>No</REMOVEZEROENTRIES>
                <ISDEEMEDPOSITIVE>No</ISDEEMEDPOSITIVE>
                <LEDGERFROMITEM>No</LEDGERFROMITEM>
                <LEDGERNAME>SGST@2.5%</LEDGERNAME>
                <AMOUNT>4</AMOUNT>
            </ALLLEDGERENTRIES.LIST>
        
    </VOUCHER>
</TALLYMESSAGE>
<TALLYMESSAGE xmlns:UDF="TallyUDF">
    <VOUCHER VCHTYPE="Counter Sales" ACTION="Create">
        <ISOPTIONAL>No</ISOPTIONAL>
        <USEFORGAINLOSS>No</USEFORGAINLOSS>
        <USEFORCOMPOUND>No</USEFORCOMPOUND>
        <VOUCHERTYPENAME>Counter Sales</VOUCHERTYPENAME>
        <DATE>30-11-2024</DATE>
        <EFFECTIVEDATE>30-11-2024</EFFECTIVEDATE>
        <ISCANCELLED>No</ISCANCELLED>
        <USETRACKINGNUMBER>No</USETRACKINGNUMBER>
        <ISPOSTDATED>No</ISPOSTDATED>
        <ISINVOICE>No</ISINVOICE>
        <DIFFACTUALQTY>No</DIFFACTUALQTY>
        <VOUCHERNUMBER>DIN202400363</VOUCHERNUMBER>
        <REFERENCE>DIN202400363</REFERENCE>
        <PARTYLEDGERNAME></PARTYLEDGERNAME>
      <NARRATION>DIN202400363 GUEST NAME:217</NARRATION>

        <UDF:HARYANAVAT.LIST DESC="`HARYANAVAT`"></UDF:HARYANAVAT.LIST><ALLLEDGERENTRIES.LIST>
                <REMOVEZEROENTRIES>No</REMOVEZEROENTRIES>
                <ISDEEMEDPOSITIVE>Yes</ISDEEMEDPOSITIVE>
                <LEDGERFROMITEM>No</LEDGERFROMITEM><LEDGERNAME>CBI 5532547292</LEDGERNAME>
                <AMOUNT>-526</AMOUNT>
     <BILLALLOCATIONS.LIST>
                    <NAME>DIN202400363</NAME>
                    <BILLTYPE>New Ref</BILLTYPE>
                    <BILLCREDITPERIOD/>
                    <AMOUNT>-526
                    </AMOUNT>
                </BILLALLOCATIONS.LIST>
                 </ALLLEDGERENTRIES.LIST>
       <ALLLEDGERENTRIES.LIST>
                <REMOVEZEROENTRIES>No</REMOVEZEROENTRIES>
                <ISDEEMEDPOSITIVE>Yes</ISDEEMEDPOSITIVE>
                <LEDGERFROMITEM>No</LEDGERFROMITEM><BILLALLOCATIONS.LIST>
                    <NAME>DIN202400363</NAME>
                    <BILLTYPE>New Ref</BILLTYPE>
                    <BILLCREDITPERIOD/>
                    <AMOUNT>-526
                    </AMOUNT>
                </BILLALLOCATIONS.LIST>
            </ALLLEDGERENTRIES.LIST>


        

   <ALLLEDGERENTRIES.LIST>
                <REMOVEZEROENTRIES>No</REMOVEZEROENTRIES>
                <ISDEEMEDPOSITIVE>No</ISDEEMEDPOSITIVE>
                <LEDGERFROMITEM>No</LEDGERFROMITEM>
                <LEDGERNAME>Food @5%</LEDGERNAME>
                <AMOUNT>500</AMOUNT>
            </ALLLEDGERENTRIES.LIST>
            <ALLLEDGERENTRIES.LIST>
                <REMOVEZEROENTRIES>No</REMOVEZEROENTRIES>
                <ISDEEMEDPOSITIVE>No</ISDEEMEDPOSITIVE>
                <LEDGERFROMITEM>No</LEDGERFROMITEM>
                <LEDGERNAME>CGST@2.5%</LEDGERNAME>
                <AMOUNT>13</AMOUNT>
            </ALLLEDGERENTRIES.LIST>
            <ALLLEDGERENTRIES.LIST>
                <REMOVEZEROENTRIES>No</REMOVEZEROENTRIES>
                <ISDEEMEDPOSITIVE>No</ISDEEMEDPOSITIVE>
                <LEDGERFROMITEM>No</LEDGERFROMITEM>
                <LEDGERNAME>SGST@2.5%</LEDGERNAME>
                <AMOUNT>13</AMOUNT>
            </ALLLEDGERENTRIES.LIST>
        
    </VOUCHER>
</TALLYMESSAGE>
    <TALLYMESSAGE xmlns:UDF="TallyUDF">
        <VOUCHER VCHTYPE="Counter Sales" ACTION="Create">
            <ISOPTIONAL>No</ISOPTIONAL>
            <USEFORGAINLOSS>No</USEFORGAINLOSS>
            <USEFORCOMPOUND>No</USEFORCOMPOUND>
            <VOUCHERTYPENAME>Counter Sales</VOUCHERTYPENAME>
            <DATE>30/11/2024</DATE>
            <EFFECTIVEDATE>30/11/2024</EFFECTIVEDATE>
            <ISCANCELLED>No</ISCANCELLED>
            <USETRACKINGNUMBER>No</USETRACKINGNUMBER>
            <ISPOSTDATED>No</ISPOSTDATED>
            <ISINVOICE>No</ISINVOICE>
            <DIFFACTUALQTY>No</DIFFACTUALQTY>
            <VOUCHERNUMBER>BQT-02400031</VOUCHERNUMBER>
            <REFERENCE>BQT-02400031</REFERENCE>
            <PARTYLEDGERNAME></PARTYLEDGERNAME>
            <NARRATION>FO BILL: BQT-02400031 GUEST NAME: FOUNDATION OF HIS SACRED MAJESTY; Arr.Dt:27/11/2024; Dep.Dt:30/11/2024; Roomno: : Recpt#: BQT-02400031</NARRATION>
            <UDF:HARYANAVAT.LIST DESC="`HARYANAVAT`"></UDF:HARYANAVAT.LIST>
            <ALLLEDGERENTRIES.LIST>
                <REMOVEZEROENTRIES>No</REMOVEZEROENTRIES>
                <ISDEEMEDPOSITIVE>Yes</ISDEEMEDPOSITIVE>
                <LEDGERFROMITEM>No</LEDGERFROMITEM><LEDGERNAME>INH ADVANCE</LEDGERNAME>
                <AMOUNT>-25000.00</AMOUNT>
    </ALLLEDGERENTRIES.LIST>
     <ALLLEDGERENTRIES.LIST>
                <REMOVEZEROENTRIES>No</REMOVEZEROENTRIES>
                <ISDEEMEDPOSITIVE>Yes</ISDEEMEDPOSITIVE>
                <LEDGERFROMITEM>No</LEDGERFROMITEM><LEDGERNAME>FOUNDATION OF HIS SACRED MAJESTY</LEDGERNAME>
                <AMOUNT>-49340.00</AMOUNT><BILLALLOCATIONS.LIST>
                    <NAME>BQT-02400031</NAME>
                    <BILLTYPE>New Ref</BILLTYPE>
                    <BILLCREDITPERIOD/>
                    <AMOUNT>-49340.00
                    </AMOUNT>
                </BILLALLOCATIONS.LIST>
            </ALLLEDGERENTRIES.LIST><ALLLEDGERENTRIES.LIST>
                <REMOVEZEROENTRIES>No</REMOVEZEROENTRIES>
                <ISDEEMEDPOSITIVE>No</ISDEEMEDPOSITIVE>
                <LEDGERFROMITEM>No</LEDGERFROMITEM>
                <LEDGERNAME>BANQUETS-RATE</LEDGERNAME>
                <AMOUNT>63000</AMOUNT>
            </ALLLEDGERENTRIES.LIST>
            <ALLLEDGERENTRIES.LIST>
                <REMOVEZEROENTRIES>No</REMOVEZEROENTRIES>
                <ISDEEMEDPOSITIVE>No</ISDEEMEDPOSITIVE>
                <LEDGERFROMITEM>No</LEDGERFROMITEM>
                <LEDGERNAME>CGST@9%</LEDGERNAME>
                <AMOUNT>5670</AMOUNT>
            </ALLLEDGERENTRIES.LIST>
            <ALLLEDGERENTRIES.LIST>
                <REMOVEZEROENTRIES>No</REMOVEZEROENTRIES>
                <ISDEEMEDPOSITIVE>No</ISDEEMEDPOSITIVE>
                <LEDGERFROMITEM>No</LEDGERFROMITEM>
                <LEDGERNAME>SGST@9%</LEDGERNAME>
                <AMOUNT>5670</AMOUNT>
            </ALLLEDGERENTRIES.LIST>
        </VOUCHER>
    </TALLYMESSAGE>
    <TALLYMESSAGE xmlns:UDF="TallyUDF">
        <VOUCHER VCHTYPE="Counter Sales" ACTION="Create">
            <ISOPTIONAL>No</ISOPTIONAL>
            <USEFORGAINLOSS>No</USEFORGAINLOSS>
            <USEFORCOMPOUND>No</USEFORCOMPOUND>
            <VOUCHERTYPENAME>Counter Sales</VOUCHERTYPENAME>
            <DATE>30/11/2024</DATE>
            <EFFECTIVEDATE>30/11/2024</EFFECTIVEDATE>
            <ISCANCELLED>No</ISCANCELLED>
            <USETRACKINGNUMBER>No</USETRACKINGNUMBER>
            <ISPOSTDATED>No</ISPOSTDATED>
            <ISINVOICE>No</ISINVOICE>
            <DIFFACTUALQTY>No</DIFFACTUALQTY>
            <VOUCHERNUMBER>BQT-02400038</VOUCHERNUMBER>
            <REFERENCE>BQT-02400038</REFERENCE>
            <PARTYLEDGERNAME></PARTYLEDGERNAME>
            <NARRATION>FO BILL: BQT-02400038 GUEST NAME: FOUNDATION OF HIS SACRED MAJESTY; Arr.Dt:29/11/2024; Dep.Dt:30/11/2024; Roomno: : Recpt#: BQT-02400038</NARRATION>
            <UDF:HARYANAVAT.LIST DESC="`HARYANAVAT`"></UDF:HARYANAVAT.LIST>
            <ALLLEDGERENTRIES.LIST>
                <REMOVEZEROENTRIES>No</REMOVEZEROENTRIES>
                <ISDEEMEDPOSITIVE>Yes</ISDEEMEDPOSITIVE>
                <LEDGERFROMITEM>No</LEDGERFROMITEM>
    </ALLLEDGERENTRIES.LIST>
     <ALLLEDGERENTRIES.LIST>
                <REMOVEZEROENTRIES>No</REMOVEZEROENTRIES>
                <ISDEEMEDPOSITIVE>Yes</ISDEEMEDPOSITIVE>
                <LEDGERFROMITEM>No</LEDGERFROMITEM><LEDGERNAME>FOUNDATION OF HIS SACRED MAJESTY</LEDGERNAME>
                <AMOUNT>-63000.00</AMOUNT><BILLALLOCATIONS.LIST>
                    <NAME>BQT-02400038</NAME>
                    <BILLTYPE>New Ref</BILLTYPE>
                    <BILLCREDITPERIOD/>
                    <AMOUNT>-63000.00
                    </AMOUNT>
                </BILLALLOCATIONS.LIST>
            </ALLLEDGERENTRIES.LIST><ALLLEDGERENTRIES.LIST>
                <REMOVEZEROENTRIES>No</REMOVEZEROENTRIES>
                <ISDEEMEDPOSITIVE>No</ISDEEMEDPOSITIVE>
                <LEDGERFROMITEM>No</LEDGERFROMITEM>
                <LEDGERNAME>BANQUETS-RATE</LEDGERNAME>
                <AMOUNT>53390</AMOUNT>
            </ALLLEDGERENTRIES.LIST>
            <ALLLEDGERENTRIES.LIST>
                <REMOVEZEROENTRIES>No</REMOVEZEROENTRIES>
                <ISDEEMEDPOSITIVE>No</ISDEEMEDPOSITIVE>
                <LEDGERFROMITEM>No</LEDGERFROMITEM>
                <LEDGERNAME>CGST@9%</LEDGERNAME>
                <AMOUNT>4805.1</AMOUNT>
            </ALLLEDGERENTRIES.LIST>
            <ALLLEDGERENTRIES.LIST>
                <REMOVEZEROENTRIES>No</REMOVEZEROENTRIES>
                <ISDEEMEDPOSITIVE>No</ISDEEMEDPOSITIVE>
                <LEDGERFROMITEM>No</LEDGERFROMITEM>
                <LEDGERNAME>SGST@9%</LEDGERNAME>
                <AMOUNT>4805.1</AMOUNT>
            </ALLLEDGERENTRIES.LIST>
        </VOUCHER>
    </TALLYMESSAGE>
    <TALLYMESSAGE xmlns:UDF="TallyUDF">
        <VOUCHER VCHTYPE="Counter Sales" ACTION="Create">
            <ISOPTIONAL>No</ISOPTIONAL>
            <USEFORGAINLOSS>No</USEFORGAINLOSS>
            <USEFORCOMPOUND>No</USEFORCOMPOUND>
            <VOUCHERTYPENAME>Counter Sales</VOUCHERTYPENAME>
            <DATE>29/11/2024</DATE>
            <EFFECTIVEDATE>29/11/2024</EFFECTIVEDATE>
            <ISCANCELLED>No</ISCANCELLED>
            <USETRACKINGNUMBER>No</USETRACKINGNUMBER>
            <ISPOSTDATED>No</ISPOSTDATED>
            <ISINVOICE>No</ISINVOICE>
            <DIFFACTUALQTY>No</DIFFACTUALQTY>
            <VOUCHERNUMBER>BQT-02400037</VOUCHERNUMBER>
            <REFERENCE>BQT-02400037</REFERENCE>
            <PARTYLEDGERNAME></PARTYLEDGERNAME>
            <NARRATION>FO BILL: BQT-02400037 GUEST NAME: FOUNDATION OF HIS SACRED MAJESTY; Arr.Dt:29/11/2024; Dep.Dt:29/11/2024; Roomno: : Recpt#: BQT-02400037</NARRATION>
            <UDF:HARYANAVAT.LIST DESC="`HARYANAVAT`"></UDF:HARYANAVAT.LIST>
            <ALLLEDGERENTRIES.LIST>
                <REMOVEZEROENTRIES>No</REMOVEZEROENTRIES>
                <ISDEEMEDPOSITIVE>Yes</ISDEEMEDPOSITIVE>
                <LEDGERFROMITEM>No</LEDGERFROMITEM>
    </ALLLEDGERENTRIES.LIST>
     <ALLLEDGERENTRIES.LIST>
                <REMOVEZEROENTRIES>No</REMOVEZEROENTRIES>
                <ISDEEMEDPOSITIVE>Yes</ISDEEMEDPOSITIVE>
                <LEDGERFROMITEM>No</LEDGERFROMITEM><LEDGERNAME>FOUNDATION OF HIS SACRED MAJESTY</LEDGERNAME>
                <AMOUNT>-90270.00</AMOUNT><BILLALLOCATIONS.LIST>
                    <NAME>BQT-02400037</NAME>
                    <BILLTYPE>New Ref</BILLTYPE>
                    <BILLCREDITPERIOD/>
                    <AMOUNT>-90270.00
                    </AMOUNT>
                </BILLALLOCATIONS.LIST>
            </ALLLEDGERENTRIES.LIST><ALLLEDGERENTRIES.LIST>
                <REMOVEZEROENTRIES>No</REMOVEZEROENTRIES>
                <ISDEEMEDPOSITIVE>No</ISDEEMEDPOSITIVE>
                <LEDGERFROMITEM>No</LEDGERFROMITEM>
                <LEDGERNAME>BANQUETS-RATE</LEDGERNAME>
                <AMOUNT>76500</AMOUNT>
            </ALLLEDGERENTRIES.LIST>
            <ALLLEDGERENTRIES.LIST>
                <REMOVEZEROENTRIES>No</REMOVEZEROENTRIES>
                <ISDEEMEDPOSITIVE>No</ISDEEMEDPOSITIVE>
                <LEDGERFROMITEM>No</LEDGERFROMITEM>
                <LEDGERNAME>CGST@9%</LEDGERNAME>
                <AMOUNT>6885</AMOUNT>
            </ALLLEDGERENTRIES.LIST>
            <ALLLEDGERENTRIES.LIST>
                <REMOVEZEROENTRIES>No</REMOVEZEROENTRIES>
                <ISDEEMEDPOSITIVE>No</ISDEEMEDPOSITIVE>
                <LEDGERFROMITEM>No</LEDGERFROMITEM>
                <LEDGERNAME>SGST@9%</LEDGERNAME>
                <AMOUNT>6885</AMOUNT>
            </ALLLEDGERENTRIES.LIST>
        </VOUCHER>
    </TALLYMESSAGE>
    <TALLYMESSAGE xmlns:UDF="TallyUDF">
        <VOUCHER VCHTYPE="Counter Sales" ACTION="Create">
            <ISOPTIONAL>No</ISOPTIONAL>
            <USEFORGAINLOSS>No</USEFORGAINLOSS>
            <USEFORCOMPOUND>No</USEFORCOMPOUND>
            <VOUCHERTYPENAME>Counter Sales</VOUCHERTYPENAME>
            <DATE>30/11/2024</DATE>
            <EFFECTIVEDATE>30/11/2024</EFFECTIVEDATE>
            <ISCANCELLED>No</ISCANCELLED>
            <USETRACKINGNUMBER>No</USETRACKINGNUMBER>
            <ISPOSTDATED>No</ISPOSTDATED>
            <ISINVOICE>No</ISINVOICE>
            <DIFFACTUALQTY>No</DIFFACTUALQTY>
            <VOUCHERNUMBER>BQT-02400036</VOUCHERNUMBER>
            <REFERENCE>BQT-02400036</REFERENCE>
            <PARTYLEDGERNAME></PARTYLEDGERNAME>
            <NARRATION>FO BILL: BQT-02400036 GUEST NAME: FOUNDATION OF HIS SACRED MAJESTY; Arr.Dt:29/11/2024; Dep.Dt:30/11/2024; Roomno: : Recpt#: BQT-02400036</NARRATION>
            <UDF:HARYANAVAT.LIST DESC="`HARYANAVAT`"></UDF:HARYANAVAT.LIST>
            <ALLLEDGERENTRIES.LIST>
                <REMOVEZEROENTRIES>No</REMOVEZEROENTRIES>
                <ISDEEMEDPOSITIVE>Yes</ISDEEMEDPOSITIVE>
                <LEDGERFROMITEM>No</LEDGERFROMITEM>
    </ALLLEDGERENTRIES.LIST>
     <ALLLEDGERENTRIES.LIST>
                <REMOVEZEROENTRIES>No</REMOVEZEROENTRIES>
                <ISDEEMEDPOSITIVE>Yes</ISDEEMEDPOSITIVE>
                <LEDGERFROMITEM>No</LEDGERFROMITEM><LEDGERNAME>FOUNDATION OF HIS SACRED MAJESTY</LEDGERNAME>
                <AMOUNT>-31860.00</AMOUNT><BILLALLOCATIONS.LIST>
                    <NAME>BQT-02400036</NAME>
                    <BILLTYPE>New Ref</BILLTYPE>
                    <BILLCREDITPERIOD/>
                    <AMOUNT>-31860.00
                    </AMOUNT>
                </BILLALLOCATIONS.LIST>
            </ALLLEDGERENTRIES.LIST><ALLLEDGERENTRIES.LIST>
                <REMOVEZEROENTRIES>No</REMOVEZEROENTRIES>
                <ISDEEMEDPOSITIVE>No</ISDEEMEDPOSITIVE>
                <LEDGERFROMITEM>No</LEDGERFROMITEM>
                <LEDGERNAME>BANQUETS-RATE</LEDGERNAME>
                <AMOUNT>27000</AMOUNT>
            </ALLLEDGERENTRIES.LIST>
            <ALLLEDGERENTRIES.LIST>
                <REMOVEZEROENTRIES>No</REMOVEZEROENTRIES>
                <ISDEEMEDPOSITIVE>No</ISDEEMEDPOSITIVE>
                <LEDGERFROMITEM>No</LEDGERFROMITEM>
                <LEDGERNAME>CGST@9%</LEDGERNAME>
                <AMOUNT>2430</AMOUNT>
            </ALLLEDGERENTRIES.LIST>
            <ALLLEDGERENTRIES.LIST>
                <REMOVEZEROENTRIES>No</REMOVEZEROENTRIES>
                <ISDEEMEDPOSITIVE>No</ISDEEMEDPOSITIVE>
                <LEDGERFROMITEM>No</LEDGERFROMITEM>
                <LEDGERNAME>SGST@9%</LEDGERNAME>
                <AMOUNT>2430</AMOUNT>
            </ALLLEDGERENTRIES.LIST>
        </VOUCHER>
    </TALLYMESSAGE>
    <TALLYMESSAGE xmlns:UDF="TallyUDF">
        <VOUCHER VCHTYPE="Counter Sales" ACTION="Create">
            <ISOPTIONAL>No</ISOPTIONAL>
            <USEFORGAINLOSS>No</USEFORGAINLOSS>
            <USEFORCOMPOUND>No</USEFORCOMPOUND>
            <VOUCHERTYPENAME>Counter Sales</VOUCHERTYPENAME>
            <DATE>30/11/2024</DATE>
            <EFFECTIVEDATE>30/11/2024</EFFECTIVEDATE>
            <ISCANCELLED>No</ISCANCELLED>
            <USETRACKINGNUMBER>No</USETRACKINGNUMBER>
            <ISPOSTDATED>No</ISPOSTDATED>
            <ISINVOICE>No</ISINVOICE>
            <DIFFACTUALQTY>No</DIFFACTUALQTY>
            <VOUCHERNUMBER>BQT-02400031</VOUCHERNUMBER>
            <REFERENCE>BQT-02400031</REFERENCE>
            <PARTYLEDGERNAME></PARTYLEDGERNAME>
            <NARRATION>FO BILL: BQT-02400031 GUEST NAME: FOUNDATION OF HIS SACRED MAJESTY; Arr.Dt:27/11/2024; Dep.Dt:30/11/2024; Roomno: : Recpt#: BQT-02400031</NARRATION>
            <UDF:HARYANAVAT.LIST DESC="`HARYANAVAT`"></UDF:HARYANAVAT.LIST>
            <ALLLEDGERENTRIES.LIST>
                <REMOVEZEROENTRIES>No</REMOVEZEROENTRIES>
                <ISDEEMEDPOSITIVE>Yes</ISDEEMEDPOSITIVE>
                <LEDGERFROMITEM>No</LEDGERFROMITEM><LEDGERNAME>INH ADVANCE</LEDGERNAME>
                <AMOUNT>-25000.00</AMOUNT>
    </ALLLEDGERENTRIES.LIST>
     <ALLLEDGERENTRIES.LIST>
                <REMOVEZEROENTRIES>No</REMOVEZEROENTRIES>
                <ISDEEMEDPOSITIVE>Yes</ISDEEMEDPOSITIVE>
                <LEDGERFROMITEM>No</LEDGERFROMITEM><LEDGERNAME>FOUNDATION OF HIS SACRED MAJESTY</LEDGERNAME>
                <AMOUNT>-49340.00</AMOUNT><BILLALLOCATIONS.LIST>
                    <NAME>BQT-02400031</NAME>
                    <BILLTYPE>New Ref</BILLTYPE>
                    <BILLCREDITPERIOD/>
                    <AMOUNT>-49340.00
                    </AMOUNT>
                </BILLALLOCATIONS.LIST>
            </ALLLEDGERENTRIES.LIST><ALLLEDGERENTRIES.LIST>
                <REMOVEZEROENTRIES>No</REMOVEZEROENTRIES>
                <ISDEEMEDPOSITIVE>No</ISDEEMEDPOSITIVE>
                <LEDGERFROMITEM>No</LEDGERFROMITEM>
                <LEDGERNAME>BANQUETS-RATE</LEDGERNAME>
                <AMOUNT>63000</AMOUNT>
            </ALLLEDGERENTRIES.LIST>
            <ALLLEDGERENTRIES.LIST>
                <REMOVEZEROENTRIES>No</REMOVEZEROENTRIES>
                <ISDEEMEDPOSITIVE>No</ISDEEMEDPOSITIVE>
                <LEDGERFROMITEM>No</LEDGERFROMITEM>
                <LEDGERNAME>CGST@9%</LEDGERNAME>
                <AMOUNT>5670</AMOUNT>
            </ALLLEDGERENTRIES.LIST>
            <ALLLEDGERENTRIES.LIST>
                <REMOVEZEROENTRIES>No</REMOVEZEROENTRIES>
                <ISDEEMEDPOSITIVE>No</ISDEEMEDPOSITIVE>
                <LEDGERFROMITEM>No</LEDGERFROMITEM>
                <LEDGERNAME>SGST@9%</LEDGERNAME>
                <AMOUNT>5670</AMOUNT>
            </ALLLEDGERENTRIES.LIST>
        </VOUCHER>
    </TALLYMESSAGE></REQUESTDATA>
        </IMPORTDATA>
    </BODY>
</ENVELOPE>