<?xml version="1.0" encoding="ISO-8859-1"?>
<ENVELOPE>
    <HEADER>
        <TALLYREQUEST>Import Data</TALLYREQUEST>
    </HEADER>
    <BODY>
        <IMPORTDATA>
            <REQUESTDESC>
                <REPORTNAME>TALLY INTERFACE</REPORTNAME>
                <STATICVARIABLES>
                    <SVCURRENTCOMPANY>Blue Nile properties pvt ltd-Joe Beach Resort</SVCURRENTCOMPANY>
                </STATICVARIABLES>
            </REQUESTDESC>
            <REQUESTDATA>
<TALLYMESSAGE xmlns:UDF="TallyUDF">
    <VOUCHER VCHTYPE="Counter Sales" ACTION="Create">
        <ISOPTIONAL>No</ISOPTIONAL>
        <USEFORGAINLOSS>No</USEFORGAINLOSS>
        <USEFORCOMPOUND>No</USEFORCOMPOUND>
        <VOUCHERTYPENAME>Counter Sales</VOUCHERTYPENAME>
        <DATE>13-12-2024</DATE>
        <EFFECTIVEDATE>13-12-2024</EFFECTIVEDATE>
        <ISCANCELLED>No</ISCANCELLED>
        <USETRACKINGNUMBER>No</USETRACKINGNUMBER>
        <ISPOSTDATED>No</ISPOSTDATED>
        <ISINVOICE>No</ISINVOICE>
        <DIFFACTUALQTY>No</DIFFACTUALQTY>
        <VOUCHERNUMBER>DIN202400001</VOUCHERNUMBER>
        <REFERENCE>DIN202400001</REFERENCE>
        <PARTYLEDGERNAME></PARTYLEDGERNAME>
      <NARRATION>DIN202400001 GUEST NAME:Mr frank k k</NARRATION>

        <UDF:HARYANAVAT.LIST DESC="`HARYANAVAT`"></UDF:HARYANAVAT.LIST><ALLLEDGERENTRIES.LIST>
                <REMOVEZEROENTRIES>No</REMOVEZEROENTRIES>
                <ISDEEMEDPOSITIVE>Yes</ISDEEMEDPOSITIVE>
                <LEDGERFROMITEM>No</LEDGERFROMITEM><LEDGERNAME>CBI 5532547292</LEDGERNAME>
                <AMOUNT>-173</AMOUNT>
     <BILLALLOCATIONS.LIST>
                    <NAME>DIN202400001</NAME>
                    <BILLTYPE>New Ref</BILLTYPE>
                    <BILLCREDITPERIOD/>
                    <AMOUNT>-173
                    </AMOUNT>
                </BILLALLOCATIONS.LIST>
                 </ALLLEDGERENTRIES.LIST>
       <ALLLEDGERENTRIES.LIST>
                <REMOVEZEROENTRIES>No</REMOVEZEROENTRIES>
                <ISDEEMEDPOSITIVE>Yes</ISDEEMEDPOSITIVE>
                <LEDGERFROMITEM>No</LEDGERFROMITEM><BILLALLOCATIONS.LIST>
                    <NAME>DIN202400001</NAME>
                    <BILLTYPE>New Ref</BILLTYPE>
                    <BILLCREDITPERIOD/>
                    <AMOUNT>-173
                    </AMOUNT>
                </BILLALLOCATIONS.LIST>
            </ALLLEDGERENTRIES.LIST>


        <ALLLEDGERENTRIES.LIST>
                <REMOVEZEROENTRIES>No</REMOVEZEROENTRIES>
                <ISDEEMEDPOSITIVE>Yes</ISDEEMEDPOSITIVE>
                <LEDGERFROMITEM>No</LEDGERFROMITEM><LEDGERNAME>Cash</LEDGERNAME>
                <AMOUNT>-100</AMOUNT>
     <BILLALLOCATIONS.LIST>
                    <NAME>DIN202400001</NAME>
                    <BILLTYPE>New Ref</BILLTYPE>
                    <BILLCREDITPERIOD/>
                    <AMOUNT>-100
                    </AMOUNT>
                </BILLALLOCATIONS.LIST>
                 </ALLLEDGERENTRIES.LIST>
       <ALLLEDGERENTRIES.LIST>
                <REMOVEZEROENTRIES>No</REMOVEZEROENTRIES>
                <ISDEEMEDPOSITIVE>Yes</ISDEEMEDPOSITIVE>
                <LEDGERFROMITEM>No</LEDGERFROMITEM><BILLALLOCATIONS.LIST>
                    <NAME>DIN202400001</NAME>
                    <BILLTYPE>New Ref</BILLTYPE>
                    <BILLCREDITPERIOD/>
                    <AMOUNT>-100
                    </AMOUNT>
                </BILLALLOCATIONS.LIST>
            </ALLLEDGERENTRIES.LIST>


        <ALLLEDGERENTRIES.LIST>
                <REMOVEZEROENTRIES>No</REMOVEZEROENTRIES>
                <ISDEEMEDPOSITIVE>Yes</ISDEEMEDPOSITIVE>
                <LEDGERFROMITEM>No</LEDGERFROMITEM><LEDGERNAME>Card Payment</LEDGERNAME>
                <AMOUNT>-100</AMOUNT>
     <BILLALLOCATIONS.LIST>
                    <NAME>DIN202400001</NAME>
                    <BILLTYPE>New Ref</BILLTYPE>
                    <BILLCREDITPERIOD/>
                    <AMOUNT>-100
                    </AMOUNT>
                </BILLALLOCATIONS.LIST>
                 </ALLLEDGERENTRIES.LIST>
       <ALLLEDGERENTRIES.LIST>
                <REMOVEZEROENTRIES>No</REMOVEZEROENTRIES>
                <ISDEEMEDPOSITIVE>Yes</ISDEEMEDPOSITIVE>
                <LEDGERFROMITEM>No</LEDGERFROMITEM><BILLALLOCATIONS.LIST>
                    <NAME>DIN202400001</NAME>
                    <BILLTYPE>New Ref</BILLTYPE>
                    <BILLCREDITPERIOD/>
                    <AMOUNT>-100
                    </AMOUNT>
                </BILLALLOCATIONS.LIST>
            </ALLLEDGERENTRIES.LIST>


        <ALLLEDGERENTRIES.LIST>
                <REMOVEZEROENTRIES>No</REMOVEZEROENTRIES>
                <ISDEEMEDPOSITIVE>Yes</ISDEEMEDPOSITIVE>
                <LEDGERFROMITEM>No</LEDGERFROMITEM><LEDGERNAME>Mr frank k k</LEDGERNAME>
                <AMOUNT>-100</AMOUNT>
     <BILLALLOCATIONS.LIST>
                    <NAME>DIN202400001</NAME>
                    <BILLTYPE>New Ref</BILLTYPE>
                    <BILLCREDITPERIOD/>
                    <AMOUNT>-100
                    </AMOUNT>
                </BILLALLOCATIONS.LIST>
                 </ALLLEDGERENTRIES.LIST>
       <ALLLEDGERENTRIES.LIST>
                <REMOVEZEROENTRIES>No</REMOVEZEROENTRIES>
                <ISDEEMEDPOSITIVE>Yes</ISDEEMEDPOSITIVE>
                <LEDGERFROMITEM>No</LEDGERFROMITEM><BILLALLOCATIONS.LIST>
                    <NAME>DIN202400001</NAME>
                    <BILLTYPE>New Ref</BILLTYPE>
                    <BILLCREDITPERIOD/>
                    <AMOUNT>-100
                    </AMOUNT>
                </BILLALLOCATIONS.LIST>
            </ALLLEDGERENTRIES.LIST>


        

   <ALLLEDGERENTRIES.LIST>
                <REMOVEZEROENTRIES>No</REMOVEZEROENTRIES>
                <ISDEEMEDPOSITIVE>No</ISDEEMEDPOSITIVE>
                <LEDGERFROMITEM>No</LEDGERFROMITEM>
                <LEDGERNAME>Food @5%</LEDGERNAME>
                <AMOUNT>450</AMOUNT>
            </ALLLEDGERENTRIES.LIST>
            <ALLLEDGERENTRIES.LIST>
                <REMOVEZEROENTRIES>No</REMOVEZEROENTRIES>
                <ISDEEMEDPOSITIVE>No</ISDEEMEDPOSITIVE>
                <LEDGERFROMITEM>No</LEDGERFROMITEM>
                <LEDGERNAME>CGST@2.5%</LEDGERNAME>
                <AMOUNT>11</AMOUNT>
            </ALLLEDGERENTRIES.LIST>
            <ALLLEDGERENTRIES.LIST>
                <REMOVEZEROENTRIES>No</REMOVEZEROENTRIES>
                <ISDEEMEDPOSITIVE>No</ISDEEMEDPOSITIVE>
                <LEDGERFROMITEM>No</LEDGERFROMITEM>
                <LEDGERNAME>SGST@2.5%</LEDGERNAME>
                <AMOUNT>11</AMOUNT>
            </ALLLEDGERENTRIES.LIST>
        
    </VOUCHER>
</TALLYMESSAGE>
<TALLYMESSAGE xmlns:UDF="TallyUDF">
    <VOUCHER VCHTYPE="Counter Sales" ACTION="Create">
        <ISOPTIONAL>No</ISOPTIONAL>
        <USEFORGAINLOSS>No</USEFORGAINLOSS>
        <USEFORCOMPOUND>No</USEFORCOMPOUND>
        <VOUCHERTYPENAME>Counter Sales</VOUCHERTYPENAME>
        <DATE>13-12-2024</DATE>
        <EFFECTIVEDATE>13-12-2024</EFFECTIVEDATE>
        <ISCANCELLED>No</ISCANCELLED>
        <USETRACKINGNUMBER>No</USETRACKINGNUMBER>
        <ISPOSTDATED>No</ISPOSTDATED>
        <ISINVOICE>No</ISINVOICE>
        <DIFFACTUALQTY>No</DIFFACTUALQTY>
        <VOUCHERNUMBER>DIN202400002</VOUCHERNUMBER>
        <REFERENCE>DIN202400002</REFERENCE>
        <PARTYLEDGERNAME></PARTYLEDGERNAME>
      <NARRATION>DIN202400002 GUEST NAME:Kulanthi Sammy</NARRATION>

        <UDF:HARYANAVAT.LIST DESC="`HARYANAVAT`"></UDF:HARYANAVAT.LIST><ALLLEDGERENTRIES.LIST>
                <REMOVEZEROENTRIES>No</REMOVEZEROENTRIES>
                <ISDEEMEDPOSITIVE>Yes</ISDEEMEDPOSITIVE>
                <LEDGERFROMITEM>No</LEDGERFROMITEM><LEDGERNAME>Cash</LEDGERNAME>
                <AMOUNT>-284</AMOUNT>
     <BILLALLOCATIONS.LIST>
                    <NAME>DIN202400002</NAME>
                    <BILLTYPE>New Ref</BILLTYPE>
                    <BILLCREDITPERIOD/>
                    <AMOUNT>-284
                    </AMOUNT>
                </BILLALLOCATIONS.LIST>
                 </ALLLEDGERENTRIES.LIST>
       <ALLLEDGERENTRIES.LIST>
                <REMOVEZEROENTRIES>No</REMOVEZEROENTRIES>
                <ISDEEMEDPOSITIVE>Yes</ISDEEMEDPOSITIVE>
                <LEDGERFROMITEM>No</LEDGERFROMITEM><BILLALLOCATIONS.LIST>
                    <NAME>DIN202400002</NAME>
                    <BILLTYPE>New Ref</BILLTYPE>
                    <BILLCREDITPERIOD/>
                    <AMOUNT>-284
                    </AMOUNT>
                </BILLALLOCATIONS.LIST>
            </ALLLEDGERENTRIES.LIST>


        

   <ALLLEDGERENTRIES.LIST>
                <REMOVEZEROENTRIES>No</REMOVEZEROENTRIES>
                <ISDEEMEDPOSITIVE>No</ISDEEMEDPOSITIVE>
                <LEDGERFROMITEM>No</LEDGERFROMITEM>
                <LEDGERNAME>Food @5%</LEDGERNAME>
                <AMOUNT>270</AMOUNT>
            </ALLLEDGERENTRIES.LIST>
            <ALLLEDGERENTRIES.LIST>
                <REMOVEZEROENTRIES>No</REMOVEZEROENTRIES>
                <ISDEEMEDPOSITIVE>No</ISDEEMEDPOSITIVE>
                <LEDGERFROMITEM>No</LEDGERFROMITEM>
                <LEDGERNAME>CGST@2.5%</LEDGERNAME>
                <AMOUNT>7</AMOUNT>
            </ALLLEDGERENTRIES.LIST>
            <ALLLEDGERENTRIES.LIST>
                <REMOVEZEROENTRIES>No</REMOVEZEROENTRIES>
                <ISDEEMEDPOSITIVE>No</ISDEEMEDPOSITIVE>
                <LEDGERFROMITEM>No</LEDGERFROMITEM>
                <LEDGERNAME>SGST@2.5%</LEDGERNAME>
                <AMOUNT>7</AMOUNT>
            </ALLLEDGERENTRIES.LIST>
        
    </VOUCHER>
</TALLYMESSAGE></REQUESTDATA>
        </IMPORTDATA>
    </BODY>
</ENVELOPE>