<?xml version="1.0" encoding="ISO-8859-1"?>
<ENVELOPE>
    <HEADER>
        <TALLYREQUEST>Import Data</TALLYREQUEST>
    </HEADER>
    <BODY>
        <IMPORTDATA>
            <REQUESTDESC>
                <REPORTNAME>TALLY INTERFACE</REPORTNAME>
                <STATICVARIABLES>
                    <SVCURRENTCOMPANY>Blue Nile properties pvt ltd-Joe Beach Resort</SVCURRENTCOMPANY>
                </STATICVARIABLES>
            </REQUESTDESC>
            <REQUESTDATA>
    <TALLYMESSAGE xmlns:UDF="TallyUDF">
        <VOUCHER VCHTYPE="Counter Sales" ACTION="Create">
            <ISOPTIONAL>No</ISOPTIONAL>
            <USEFORGAINLOSS>No</USEFORGAINLOSS>
            <USEFORCOMPOUND>No</USEFORCOMPOUND>
            <VOUCHERTYPENAME>Counter Sales</VOUCHERTYPENAME>
            <DATE>01/11/2024</DATE>
            <EFFECTIVEDATE>01/11/2024</EFFECTIVEDATE>
            <ISCANCELLED>No</ISCANCELLED>
            <USETRACKINGNUMBER>No</USETRACKINGNUMBER>
            <ISPOSTDATED>No</ISPOSTDATED>
            <ISINVOICE>No</ISINVOICE>
            <DIFFACTUALQTY>No</DIFFACTUALQTY>
            <VOUCHERNUMBER>FO-202400417</VOUCHERNUMBER>
            <REFERENCE>FO-202400417</REFERENCE>
            <PARTYLEDGERNAME></PARTYLEDGERNAME>
            <NARRATION>FO BILL: FO-202400417 GUEST NAME: Mr Paul Narayanan Narayanan; Arr.Dt:31/10/2024; Dep.Dt:01/11/2024; Roomno:213 : Recpt#: FO-202400417</NARRATION>
            <UDF:HARYANAVAT.LIST DESC="`HARYANAVAT`"></UDF:HARYANAVAT.LIST><ALLLEDGERENTRIES.LIST>
                <REMOVEZEROENTRIES>No</REMOVEZEROENTRIES>
                <ISDEEMEDPOSITIVE>Yes</ISDEEMEDPOSITIVE>
                <LEDGERFROMITEM>No</LEDGERFROMITEM><LEDGERNAME>Cash</LEDGERNAME>
                <AMOUNT>-2800.00</AMOUNT></ALLLEDGERENTRIES.LIST>  <ALLLEDGERENTRIES.LIST>
                <REMOVEZEROENTRIES>No</REMOVEZEROENTRIES>
                <ISDEEMEDPOSITIVE>No</ISDEEMEDPOSITIVE>
                <LEDGERFROMITEM>No</LEDGERFROMITEM>
                <LEDGERNAME>TARIFF</LEDGERNAME>
                <AMOUNT>2500</AMOUNT>
            </ALLLEDGERENTRIES.LIST>
            <ALLLEDGERENTRIES.LIST>
                <REMOVEZEROENTRIES>No</REMOVEZEROENTRIES>
                <ISDEEMEDPOSITIVE>No</ISDEEMEDPOSITIVE>
                <LEDGERFROMITEM>No</LEDGERFROMITEM>
                <LEDGERNAME>CGST@6%</LEDGERNAME>
                <AMOUNT>150</AMOUNT>
            </ALLLEDGERENTRIES.LIST>
            <ALLLEDGERENTRIES.LIST>
                <REMOVEZEROENTRIES>No</REMOVEZEROENTRIES>
                <ISDEEMEDPOSITIVE>No</ISDEEMEDPOSITIVE>
                <LEDGERFROMITEM>No</LEDGERFROMITEM>
                <LEDGERNAME>SGST@6%</LEDGERNAME>
                <AMOUNT>150</AMOUNT>
            </ALLLEDGERENTRIES.LIST>
        </VOUCHER>
    </TALLYMESSAGE>
    <TALLYMESSAGE xmlns:UDF="TallyUDF">
        <VOUCHER VCHTYPE="Counter Sales" ACTION="Create">
            <ISOPTIONAL>No</ISOPTIONAL>
            <USEFORGAINLOSS>No</USEFORGAINLOSS>
            <USEFORCOMPOUND>No</USEFORCOMPOUND>
            <VOUCHERTYPENAME>Counter Sales</VOUCHERTYPENAME>
            <DATE>01/11/2024</DATE>
            <EFFECTIVEDATE>01/11/2024</EFFECTIVEDATE>
            <ISCANCELLED>No</ISCANCELLED>
            <USETRACKINGNUMBER>No</USETRACKINGNUMBER>
            <ISPOSTDATED>No</ISPOSTDATED>
            <ISINVOICE>No</ISINVOICE>
            <DIFFACTUALQTY>No</DIFFACTUALQTY>
            <VOUCHERNUMBER>FO-202400413</VOUCHERNUMBER>
            <REFERENCE>FO-202400413</REFERENCE>
            <PARTYLEDGERNAME></PARTYLEDGERNAME>
            <NARRATION>FO BILL: FO-202400413 GUEST NAME: KRISTI SPANDAN VINUBHAI; Arr.Dt:30/10/2024; Dep.Dt:01/11/2024; Roomno:222,223,224 : Recpt#: FO-202400413</NARRATION>
            <UDF:HARYANAVAT.LIST DESC="`HARYANAVAT`"></UDF:HARYANAVAT.LIST><ALLLEDGERENTRIES.LIST>
                <REMOVEZEROENTRIES>No</REMOVEZEROENTRIES>
                <ISDEEMEDPOSITIVE>Yes</ISDEEMEDPOSITIVE>
                <LEDGERFROMITEM>No</LEDGERFROMITEM><LEDGERNAME>Cash</LEDGERNAME>
                <AMOUNT>-21000.00</AMOUNT></ALLLEDGERENTRIES.LIST>  <ALLLEDGERENTRIES.LIST>
                <REMOVEZEROENTRIES>No</REMOVEZEROENTRIES>
                <ISDEEMEDPOSITIVE>No</ISDEEMEDPOSITIVE>
                <LEDGERFROMITEM>No</LEDGERFROMITEM>
                <LEDGERNAME>TARIFF</LEDGERNAME>
                <AMOUNT>18750</AMOUNT>
            </ALLLEDGERENTRIES.LIST>
            <ALLLEDGERENTRIES.LIST>
                <REMOVEZEROENTRIES>No</REMOVEZEROENTRIES>
                <ISDEEMEDPOSITIVE>No</ISDEEMEDPOSITIVE>
                <LEDGERFROMITEM>No</LEDGERFROMITEM>
                <LEDGERNAME>CGST@6%</LEDGERNAME>
                <AMOUNT>1125</AMOUNT>
            </ALLLEDGERENTRIES.LIST>
            <ALLLEDGERENTRIES.LIST>
                <REMOVEZEROENTRIES>No</REMOVEZEROENTRIES>
                <ISDEEMEDPOSITIVE>No</ISDEEMEDPOSITIVE>
                <LEDGERFROMITEM>No</LEDGERFROMITEM>
                <LEDGERNAME>SGST@6%</LEDGERNAME>
                <AMOUNT>1125</AMOUNT>
            </ALLLEDGERENTRIES.LIST>
        </VOUCHER>
    </TALLYMESSAGE>
    <TALLYMESSAGE xmlns:UDF="TallyUDF">
        <VOUCHER VCHTYPE="Counter Sales" ACTION="Create">
            <ISOPTIONAL>No</ISOPTIONAL>
            <USEFORGAINLOSS>No</USEFORGAINLOSS>
            <USEFORCOMPOUND>No</USEFORCOMPOUND>
            <VOUCHERTYPENAME>Counter Sales</VOUCHERTYPENAME>
            <DATE>01/11/2024</DATE>
            <EFFECTIVEDATE>01/11/2024</EFFECTIVEDATE>
            <ISCANCELLED>No</ISCANCELLED>
            <USETRACKINGNUMBER>No</USETRACKINGNUMBER>
            <ISPOSTDATED>No</ISPOSTDATED>
            <ISINVOICE>No</ISINVOICE>
            <DIFFACTUALQTY>No</DIFFACTUALQTY>
            <VOUCHERNUMBER>FO-202400410</VOUCHERNUMBER>
            <REFERENCE>FO-202400410</REFERENCE>
            <PARTYLEDGERNAME></PARTYLEDGERNAME>
            <NARRATION>FO BILL: FO-202400410 GUEST NAME: NAVEEN CHINTALA; Arr.Dt:30/10/2024; Dep.Dt:01/11/2024; Roomno:226 : Recpt#: FO-202400410</NARRATION>
            <UDF:HARYANAVAT.LIST DESC="`HARYANAVAT`"></UDF:HARYANAVAT.LIST><ALLLEDGERENTRIES.LIST>
                <REMOVEZEROENTRIES>No</REMOVEZEROENTRIES>
                <ISDEEMEDPOSITIVE>Yes</ISDEEMEDPOSITIVE>
                <LEDGERFROMITEM>No</LEDGERFROMITEM><LEDGERNAME>Card Payment</LEDGERNAME>
                <AMOUNT>-5040.00</AMOUNT></ALLLEDGERENTRIES.LIST>  <ALLLEDGERENTRIES.LIST>
                <REMOVEZEROENTRIES>No</REMOVEZEROENTRIES>
                <ISDEEMEDPOSITIVE>No</ISDEEMEDPOSITIVE>
                <LEDGERFROMITEM>No</LEDGERFROMITEM>
                <LEDGERNAME>TARIFF</LEDGERNAME>
                <AMOUNT>4500</AMOUNT>
            </ALLLEDGERENTRIES.LIST>
            <ALLLEDGERENTRIES.LIST>
                <REMOVEZEROENTRIES>No</REMOVEZEROENTRIES>
                <ISDEEMEDPOSITIVE>No</ISDEEMEDPOSITIVE>
                <LEDGERFROMITEM>No</LEDGERFROMITEM>
                <LEDGERNAME>CGST@6%</LEDGERNAME>
                <AMOUNT>270</AMOUNT>
            </ALLLEDGERENTRIES.LIST>
            <ALLLEDGERENTRIES.LIST>
                <REMOVEZEROENTRIES>No</REMOVEZEROENTRIES>
                <ISDEEMEDPOSITIVE>No</ISDEEMEDPOSITIVE>
                <LEDGERFROMITEM>No</LEDGERFROMITEM>
                <LEDGERNAME>SGST@6%</LEDGERNAME>
                <AMOUNT>270</AMOUNT>
            </ALLLEDGERENTRIES.LIST>
        </VOUCHER>
    </TALLYMESSAGE>
    <TALLYMESSAGE xmlns:UDF="TallyUDF">
        <VOUCHER VCHTYPE="Counter Sales" ACTION="Create">
            <ISOPTIONAL>No</ISOPTIONAL>
            <USEFORGAINLOSS>No</USEFORGAINLOSS>
            <USEFORCOMPOUND>No</USEFORCOMPOUND>
            <VOUCHERTYPENAME>Counter Sales</VOUCHERTYPENAME>
            <DATE>01/11/2024</DATE>
            <EFFECTIVEDATE>01/11/2024</EFFECTIVEDATE>
            <ISCANCELLED>No</ISCANCELLED>
            <USETRACKINGNUMBER>No</USETRACKINGNUMBER>
            <ISPOSTDATED>No</ISPOSTDATED>
            <ISINVOICE>No</ISINVOICE>
            <DIFFACTUALQTY>No</DIFFACTUALQTY>
            <VOUCHERNUMBER>FO-202400416</VOUCHERNUMBER>
            <REFERENCE>FO-202400416</REFERENCE>
            <PARTYLEDGERNAME></PARTYLEDGERNAME>
            <NARRATION>FO BILL: FO-202400416 GUEST NAME: JOHN KIRUBA VALAN; Arr.Dt:30/10/2024; Dep.Dt:01/11/2024; Roomno:209,210 : Recpt#: FO-202400416</NARRATION>
            <UDF:HARYANAVAT.LIST DESC="`HARYANAVAT`"></UDF:HARYANAVAT.LIST><ALLLEDGERENTRIES.LIST>
                <REMOVEZEROENTRIES>No</REMOVEZEROENTRIES>
                <ISDEEMEDPOSITIVE>Yes</ISDEEMEDPOSITIVE>
                <LEDGERFROMITEM>No</LEDGERFROMITEM><LEDGERNAME>Card Payment</LEDGERNAME>
                <AMOUNT>-7390.00</AMOUNT></ALLLEDGERENTRIES.LIST>  <ALLLEDGERENTRIES.LIST>
                <REMOVEZEROENTRIES>No</REMOVEZEROENTRIES>
                <ISDEEMEDPOSITIVE>No</ISDEEMEDPOSITIVE>
                <LEDGERFROMITEM>No</LEDGERFROMITEM>
                <LEDGERNAME>TARIFF</LEDGERNAME>
                <AMOUNT>6598</AMOUNT>
            </ALLLEDGERENTRIES.LIST>
            <ALLLEDGERENTRIES.LIST>
                <REMOVEZEROENTRIES>No</REMOVEZEROENTRIES>
                <ISDEEMEDPOSITIVE>No</ISDEEMEDPOSITIVE>
                <LEDGERFROMITEM>No</LEDGERFROMITEM>
                <LEDGERNAME>CGST@6%</LEDGERNAME>
                <AMOUNT>396</AMOUNT>
            </ALLLEDGERENTRIES.LIST>
            <ALLLEDGERENTRIES.LIST>
                <REMOVEZEROENTRIES>No</REMOVEZEROENTRIES>
                <ISDEEMEDPOSITIVE>No</ISDEEMEDPOSITIVE>
                <LEDGERFROMITEM>No</LEDGERFROMITEM>
                <LEDGERNAME>SGST@6%</LEDGERNAME>
                <AMOUNT>396</AMOUNT>
            </ALLLEDGERENTRIES.LIST>
        </VOUCHER>
    </TALLYMESSAGE>
    <TALLYMESSAGE xmlns:UDF="TallyUDF">
        <VOUCHER VCHTYPE="Counter Sales" ACTION="Create">
            <ISOPTIONAL>No</ISOPTIONAL>
            <USEFORGAINLOSS>No</USEFORGAINLOSS>
            <USEFORCOMPOUND>No</USEFORCOMPOUND>
            <VOUCHERTYPENAME>Counter Sales</VOUCHERTYPENAME>
            <DATE>01/11/2024</DATE>
            <EFFECTIVEDATE>01/11/2024</EFFECTIVEDATE>
            <ISCANCELLED>No</ISCANCELLED>
            <USETRACKINGNUMBER>No</USETRACKINGNUMBER>
            <ISPOSTDATED>No</ISPOSTDATED>
            <ISINVOICE>No</ISINVOICE>
            <DIFFACTUALQTY>No</DIFFACTUALQTY>
            <VOUCHERNUMBER>FO-202400400</VOUCHERNUMBER>
            <REFERENCE>FO-202400400</REFERENCE>
            <PARTYLEDGERNAME></PARTYLEDGERNAME>
            <NARRATION>FO BILL: FO-202400400 GUEST NAME: Ryan Educational Society ; Arr.Dt:27/10/2024; Dep.Dt:01/11/2024; Roomno:301,302,303,307,308,309,310,304,305,306,313,312,314,214,215 : Recpt#: FO-202400400</NARRATION>
            <UDF:HARYANAVAT.LIST DESC="`HARYANAVAT`"></UDF:HARYANAVAT.LIST><ALLLEDGERENTRIES.LIST>
                <REMOVEZEROENTRIES>No</REMOVEZEROENTRIES>
                <ISDEEMEDPOSITIVE>Yes</ISDEEMEDPOSITIVE>
                <LEDGERFROMITEM>No</LEDGERFROMITEM><LEDGERNAME>Ryan Educational Society </LEDGERNAME>
                <AMOUNT>-104160.00</AMOUNT></ALLLEDGERENTRIES.LIST>  <ALLLEDGERENTRIES.LIST>
                <REMOVEZEROENTRIES>No</REMOVEZEROENTRIES>
                <ISDEEMEDPOSITIVE>No</ISDEEMEDPOSITIVE>
                <LEDGERFROMITEM>No</LEDGERFROMITEM>
                <LEDGERNAME>TARIFF</LEDGERNAME>
                <AMOUNT>93000</AMOUNT>
            </ALLLEDGERENTRIES.LIST>
            <ALLLEDGERENTRIES.LIST>
                <REMOVEZEROENTRIES>No</REMOVEZEROENTRIES>
                <ISDEEMEDPOSITIVE>No</ISDEEMEDPOSITIVE>
                <LEDGERFROMITEM>No</LEDGERFROMITEM>
                <LEDGERNAME>CGST@6%</LEDGERNAME>
                <AMOUNT>5580</AMOUNT>
            </ALLLEDGERENTRIES.LIST>
            <ALLLEDGERENTRIES.LIST>
                <REMOVEZEROENTRIES>No</REMOVEZEROENTRIES>
                <ISDEEMEDPOSITIVE>No</ISDEEMEDPOSITIVE>
                <LEDGERFROMITEM>No</LEDGERFROMITEM>
                <LEDGERNAME>SGST@6%</LEDGERNAME>
                <AMOUNT>5580</AMOUNT>
            </ALLLEDGERENTRIES.LIST>
        </VOUCHER>
    </TALLYMESSAGE>
    <TALLYMESSAGE xmlns:UDF="TallyUDF">
        <VOUCHER VCHTYPE="Counter Sales" ACTION="Create">
            <ISOPTIONAL>No</ISOPTIONAL>
            <USEFORGAINLOSS>No</USEFORGAINLOSS>
            <USEFORCOMPOUND>No</USEFORCOMPOUND>
            <VOUCHERTYPENAME>Counter Sales</VOUCHERTYPENAME>
            <DATE>03/11/2024</DATE>
            <EFFECTIVEDATE>03/11/2024</EFFECTIVEDATE>
            <ISCANCELLED>No</ISCANCELLED>
            <USETRACKINGNUMBER>No</USETRACKINGNUMBER>
            <ISPOSTDATED>No</ISPOSTDATED>
            <ISINVOICE>No</ISINVOICE>
            <DIFFACTUALQTY>No</DIFFACTUALQTY>
            <VOUCHERNUMBER>FO-202400418</VOUCHERNUMBER>
            <REFERENCE>FO-202400418</REFERENCE>
            <PARTYLEDGERNAME></PARTYLEDGERNAME>
            <NARRATION>FO BILL: FO-202400418 GUEST NAME: BOSCO A; Arr.Dt:01/11/2024; Dep.Dt:03/11/2024; Roomno:215,213 : Recpt#: FO-202400418</NARRATION>
            <UDF:HARYANAVAT.LIST DESC="`HARYANAVAT`"></UDF:HARYANAVAT.LIST><ALLLEDGERENTRIES.LIST>
                <REMOVEZEROENTRIES>No</REMOVEZEROENTRIES>
                <ISDEEMEDPOSITIVE>Yes</ISDEEMEDPOSITIVE>
                <LEDGERFROMITEM>No</LEDGERFROMITEM><LEDGERNAME>CBI 5532547292</LEDGERNAME>
                <AMOUNT>-6720.00</AMOUNT></ALLLEDGERENTRIES.LIST>  <ALLLEDGERENTRIES.LIST>
                <REMOVEZEROENTRIES>No</REMOVEZEROENTRIES>
                <ISDEEMEDPOSITIVE>No</ISDEEMEDPOSITIVE>
                <LEDGERFROMITEM>No</LEDGERFROMITEM>
                <LEDGERNAME>TARIFF</LEDGERNAME>
                <AMOUNT>6000</AMOUNT>
            </ALLLEDGERENTRIES.LIST>
            <ALLLEDGERENTRIES.LIST>
                <REMOVEZEROENTRIES>No</REMOVEZEROENTRIES>
                <ISDEEMEDPOSITIVE>No</ISDEEMEDPOSITIVE>
                <LEDGERFROMITEM>No</LEDGERFROMITEM>
                <LEDGERNAME>CGST@6%</LEDGERNAME>
                <AMOUNT>360</AMOUNT>
            </ALLLEDGERENTRIES.LIST>
            <ALLLEDGERENTRIES.LIST>
                <REMOVEZEROENTRIES>No</REMOVEZEROENTRIES>
                <ISDEEMEDPOSITIVE>No</ISDEEMEDPOSITIVE>
                <LEDGERFROMITEM>No</LEDGERFROMITEM>
                <LEDGERNAME>SGST@6%</LEDGERNAME>
                <AMOUNT>360</AMOUNT>
            </ALLLEDGERENTRIES.LIST>
        </VOUCHER>
    </TALLYMESSAGE>
    <TALLYMESSAGE xmlns:UDF="TallyUDF">
        <VOUCHER VCHTYPE="Counter Sales" ACTION="Create">
            <ISOPTIONAL>No</ISOPTIONAL>
            <USEFORGAINLOSS>No</USEFORGAINLOSS>
            <USEFORCOMPOUND>No</USEFORCOMPOUND>
            <VOUCHERTYPENAME>Counter Sales</VOUCHERTYPENAME>
            <DATE>03/11/2024</DATE>
            <EFFECTIVEDATE>03/11/2024</EFFECTIVEDATE>
            <ISCANCELLED>No</ISCANCELLED>
            <USETRACKINGNUMBER>No</USETRACKINGNUMBER>
            <ISPOSTDATED>No</ISPOSTDATED>
            <ISINVOICE>No</ISINVOICE>
            <DIFFACTUALQTY>No</DIFFACTUALQTY>
            <VOUCHERNUMBER>FO-202400419</VOUCHERNUMBER>
            <REFERENCE>FO-202400419</REFERENCE>
            <PARTYLEDGERNAME></PARTYLEDGERNAME>
            <NARRATION>FO BILL: FO-202400419 GUEST NAME: THOMAS SAMUL; Arr.Dt:03/11/2024; Dep.Dt:03/11/2024; Roomno:102,103,104,107,108,109,110,111 : Recpt#: FO-202400419</NARRATION>
            <UDF:HARYANAVAT.LIST DESC="`HARYANAVAT`"></UDF:HARYANAVAT.LIST><ALLLEDGERENTRIES.LIST>
                <REMOVEZEROENTRIES>No</REMOVEZEROENTRIES>
                <ISDEEMEDPOSITIVE>Yes</ISDEEMEDPOSITIVE>
                <LEDGERFROMITEM>No</LEDGERFROMITEM><LEDGERNAME>Cash</LEDGERNAME>
                <AMOUNT>-10752.00</AMOUNT></ALLLEDGERENTRIES.LIST>  <ALLLEDGERENTRIES.LIST>
                <REMOVEZEROENTRIES>No</REMOVEZEROENTRIES>
                <ISDEEMEDPOSITIVE>No</ISDEEMEDPOSITIVE>
                <LEDGERFROMITEM>No</LEDGERFROMITEM>
                <LEDGERNAME>TARIFF</LEDGERNAME>
                <AMOUNT>9600</AMOUNT>
            </ALLLEDGERENTRIES.LIST>
            <ALLLEDGERENTRIES.LIST>
                <REMOVEZEROENTRIES>No</REMOVEZEROENTRIES>
                <ISDEEMEDPOSITIVE>No</ISDEEMEDPOSITIVE>
                <LEDGERFROMITEM>No</LEDGERFROMITEM>
                <LEDGERNAME>CGST@6%</LEDGERNAME>
                <AMOUNT>576</AMOUNT>
            </ALLLEDGERENTRIES.LIST>
            <ALLLEDGERENTRIES.LIST>
                <REMOVEZEROENTRIES>No</REMOVEZEROENTRIES>
                <ISDEEMEDPOSITIVE>No</ISDEEMEDPOSITIVE>
                <LEDGERFROMITEM>No</LEDGERFROMITEM>
                <LEDGERNAME>SGST@6%</LEDGERNAME>
                <AMOUNT>576</AMOUNT>
            </ALLLEDGERENTRIES.LIST>
        </VOUCHER>
    </TALLYMESSAGE>
    <TALLYMESSAGE xmlns:UDF="TallyUDF">
        <VOUCHER VCHTYPE="Counter Sales" ACTION="Create">
            <ISOPTIONAL>No</ISOPTIONAL>
            <USEFORGAINLOSS>No</USEFORGAINLOSS>
            <USEFORCOMPOUND>No</USEFORCOMPOUND>
            <VOUCHERTYPENAME>Counter Sales</VOUCHERTYPENAME>
            <DATE>05/11/2024</DATE>
            <EFFECTIVEDATE>05/11/2024</EFFECTIVEDATE>
            <ISCANCELLED>No</ISCANCELLED>
            <USETRACKINGNUMBER>No</USETRACKINGNUMBER>
            <ISPOSTDATED>No</ISPOSTDATED>
            <ISINVOICE>No</ISINVOICE>
            <DIFFACTUALQTY>No</DIFFACTUALQTY>
            <VOUCHERNUMBER>FO-202400422</VOUCHERNUMBER>
            <REFERENCE>FO-202400422</REFERENCE>
            <PARTYLEDGERNAME></PARTYLEDGERNAME>
            <NARRATION>FO BILL: FO-202400422 GUEST NAME: SCAD THIRUNELVELI; Arr.Dt:04/11/2024; Dep.Dt:05/11/2024; Roomno:212,213,210,209,208,206 : Recpt#: FO-202400422</NARRATION>
            <UDF:HARYANAVAT.LIST DESC="`HARYANAVAT`"></UDF:HARYANAVAT.LIST><ALLLEDGERENTRIES.LIST>
                <REMOVEZEROENTRIES>No</REMOVEZEROENTRIES>
                <ISDEEMEDPOSITIVE>Yes</ISDEEMEDPOSITIVE>
                <LEDGERFROMITEM>No</LEDGERFROMITEM><LEDGERNAME>CBI 5532547292</LEDGERNAME>
                <AMOUNT>-16016.00</AMOUNT></ALLLEDGERENTRIES.LIST>  <ALLLEDGERENTRIES.LIST>
                <REMOVEZEROENTRIES>No</REMOVEZEROENTRIES>
                <ISDEEMEDPOSITIVE>No</ISDEEMEDPOSITIVE>
                <LEDGERFROMITEM>No</LEDGERFROMITEM>
                <LEDGERNAME>TARIFF</LEDGERNAME>
                <AMOUNT>14300</AMOUNT>
            </ALLLEDGERENTRIES.LIST>
            <ALLLEDGERENTRIES.LIST>
                <REMOVEZEROENTRIES>No</REMOVEZEROENTRIES>
                <ISDEEMEDPOSITIVE>No</ISDEEMEDPOSITIVE>
                <LEDGERFROMITEM>No</LEDGERFROMITEM>
                <LEDGERNAME>CGST@6%</LEDGERNAME>
                <AMOUNT>858</AMOUNT>
            </ALLLEDGERENTRIES.LIST>
            <ALLLEDGERENTRIES.LIST>
                <REMOVEZEROENTRIES>No</REMOVEZEROENTRIES>
                <ISDEEMEDPOSITIVE>No</ISDEEMEDPOSITIVE>
                <LEDGERFROMITEM>No</LEDGERFROMITEM>
                <LEDGERNAME>SGST@6%</LEDGERNAME>
                <AMOUNT>858</AMOUNT>
            </ALLLEDGERENTRIES.LIST>
        </VOUCHER>
    </TALLYMESSAGE>
    <TALLYMESSAGE xmlns:UDF="TallyUDF">
        <VOUCHER VCHTYPE="Counter Sales" ACTION="Create">
            <ISOPTIONAL>No</ISOPTIONAL>
            <USEFORGAINLOSS>No</USEFORGAINLOSS>
            <USEFORCOMPOUND>No</USEFORCOMPOUND>
            <VOUCHERTYPENAME>Counter Sales</VOUCHERTYPENAME>
            <DATE>05/11/2024</DATE>
            <EFFECTIVEDATE>05/11/2024</EFFECTIVEDATE>
            <ISCANCELLED>No</ISCANCELLED>
            <USETRACKINGNUMBER>No</USETRACKINGNUMBER>
            <ISPOSTDATED>No</ISPOSTDATED>
            <ISINVOICE>No</ISINVOICE>
            <DIFFACTUALQTY>No</DIFFACTUALQTY>
            <VOUCHERNUMBER>FO-202400420</VOUCHERNUMBER>
            <REFERENCE>FO-202400420</REFERENCE>
            <PARTYLEDGERNAME></PARTYLEDGERNAME>
            <NARRATION>FO BILL: FO-202400420 GUEST NAME: Society  of DMI ; Arr.Dt:03/11/2024; Dep.Dt:05/11/2024; Roomno:217,111 : Recpt#: FO-202400420</NARRATION>
            <UDF:HARYANAVAT.LIST DESC="`HARYANAVAT`"></UDF:HARYANAVAT.LIST><ALLLEDGERENTRIES.LIST>
                <REMOVEZEROENTRIES>No</REMOVEZEROENTRIES>
                <ISDEEMEDPOSITIVE>Yes</ISDEEMEDPOSITIVE>
                <LEDGERFROMITEM>No</LEDGERFROMITEM><LEDGERNAME>Society  of DMI </LEDGERNAME>
                <AMOUNT>-6805.00</AMOUNT></ALLLEDGERENTRIES.LIST>  <ALLLEDGERENTRIES.LIST>
                <REMOVEZEROENTRIES>No</REMOVEZEROENTRIES>
                <ISDEEMEDPOSITIVE>No</ISDEEMEDPOSITIVE>
                <LEDGERFROMITEM>No</LEDGERFROMITEM>
                <LEDGERNAME>TARIFF</LEDGERNAME>
                <AMOUNT>6075</AMOUNT>
            </ALLLEDGERENTRIES.LIST>
            <ALLLEDGERENTRIES.LIST>
                <REMOVEZEROENTRIES>No</REMOVEZEROENTRIES>
                <ISDEEMEDPOSITIVE>No</ISDEEMEDPOSITIVE>
                <LEDGERFROMITEM>No</LEDGERFROMITEM>
                <LEDGERNAME>CGST@6%</LEDGERNAME>
                <AMOUNT>365</AMOUNT>
            </ALLLEDGERENTRIES.LIST>
            <ALLLEDGERENTRIES.LIST>
                <REMOVEZEROENTRIES>No</REMOVEZEROENTRIES>
                <ISDEEMEDPOSITIVE>No</ISDEEMEDPOSITIVE>
                <LEDGERFROMITEM>No</LEDGERFROMITEM>
                <LEDGERNAME>SGST@6%</LEDGERNAME>
                <AMOUNT>365</AMOUNT>
            </ALLLEDGERENTRIES.LIST>
        </VOUCHER>
    </TALLYMESSAGE>
    <TALLYMESSAGE xmlns:UDF="TallyUDF">
        <VOUCHER VCHTYPE="Counter Sales" ACTION="Create">
            <ISOPTIONAL>No</ISOPTIONAL>
            <USEFORGAINLOSS>No</USEFORGAINLOSS>
            <USEFORCOMPOUND>No</USEFORCOMPOUND>
            <VOUCHERTYPENAME>Counter Sales</VOUCHERTYPENAME>
            <DATE>05/11/2024</DATE>
            <EFFECTIVEDATE>05/11/2024</EFFECTIVEDATE>
            <ISCANCELLED>No</ISCANCELLED>
            <USETRACKINGNUMBER>No</USETRACKINGNUMBER>
            <ISPOSTDATED>No</ISPOSTDATED>
            <ISINVOICE>No</ISINVOICE>
            <DIFFACTUALQTY>No</DIFFACTUALQTY>
            <VOUCHERNUMBER>FO-202400421</VOUCHERNUMBER>
            <REFERENCE>FO-202400421</REFERENCE>
            <PARTYLEDGERNAME></PARTYLEDGERNAME>
            <NARRATION>FO BILL: FO-202400421 GUEST NAME: ADROIT INTERIORS  AND  DESIGNS LLP; Arr.Dt:04/11/2024; Dep.Dt:05/11/2024; Roomno:214 : Recpt#: FO-202400421</NARRATION>
            <UDF:HARYANAVAT.LIST DESC="`HARYANAVAT`"></UDF:HARYANAVAT.LIST><ALLLEDGERENTRIES.LIST>
                <REMOVEZEROENTRIES>No</REMOVEZEROENTRIES>
                <ISDEEMEDPOSITIVE>Yes</ISDEEMEDPOSITIVE>
                <LEDGERFROMITEM>No</LEDGERFROMITEM><LEDGERNAME>Cash</LEDGERNAME>
                <AMOUNT>-2200.00</AMOUNT></ALLLEDGERENTRIES.LIST>  <ALLLEDGERENTRIES.LIST>
                <REMOVEZEROENTRIES>No</REMOVEZEROENTRIES>
                <ISDEEMEDPOSITIVE>No</ISDEEMEDPOSITIVE>
                <LEDGERFROMITEM>No</LEDGERFROMITEM>
                <LEDGERNAME>TARIFF</LEDGERNAME>
                <AMOUNT>1964</AMOUNT>
            </ALLLEDGERENTRIES.LIST>
            <ALLLEDGERENTRIES.LIST>
                <REMOVEZEROENTRIES>No</REMOVEZEROENTRIES>
                <ISDEEMEDPOSITIVE>No</ISDEEMEDPOSITIVE>
                <LEDGERFROMITEM>No</LEDGERFROMITEM>
                <LEDGERNAME>CGST@6%</LEDGERNAME>
                <AMOUNT>118</AMOUNT>
            </ALLLEDGERENTRIES.LIST>
            <ALLLEDGERENTRIES.LIST>
                <REMOVEZEROENTRIES>No</REMOVEZEROENTRIES>
                <ISDEEMEDPOSITIVE>No</ISDEEMEDPOSITIVE>
                <LEDGERFROMITEM>No</LEDGERFROMITEM>
                <LEDGERNAME>SGST@6%</LEDGERNAME>
                <AMOUNT>118</AMOUNT>
            </ALLLEDGERENTRIES.LIST>
        </VOUCHER>
    </TALLYMESSAGE>
    <TALLYMESSAGE xmlns:UDF="TallyUDF">
        <VOUCHER VCHTYPE="Counter Sales" ACTION="Create">
            <ISOPTIONAL>No</ISOPTIONAL>
            <USEFORGAINLOSS>No</USEFORGAINLOSS>
            <USEFORCOMPOUND>No</USEFORCOMPOUND>
            <VOUCHERTYPENAME>Counter Sales</VOUCHERTYPENAME>
            <DATE>08/11/2024</DATE>
            <EFFECTIVEDATE>08/11/2024</EFFECTIVEDATE>
            <ISCANCELLED>No</ISCANCELLED>
            <USETRACKINGNUMBER>No</USETRACKINGNUMBER>
            <ISPOSTDATED>No</ISPOSTDATED>
            <ISINVOICE>No</ISINVOICE>
            <DIFFACTUALQTY>No</DIFFACTUALQTY>
            <VOUCHERNUMBER>FO-202400411</VOUCHERNUMBER>
            <REFERENCE>FO-202400411</REFERENCE>
            <PARTYLEDGERNAME></PARTYLEDGERNAME>
            <NARRATION>FO BILL: FO-202400411 GUEST NAME: Prince Kumar ; Arr.Dt:29/10/2024; Dep.Dt:08/11/2024; Roomno:218 : Recpt#: FO-202400411</NARRATION>
            <UDF:HARYANAVAT.LIST DESC="`HARYANAVAT`"></UDF:HARYANAVAT.LIST><ALLLEDGERENTRIES.LIST>
                <REMOVEZEROENTRIES>No</REMOVEZEROENTRIES>
                <ISDEEMEDPOSITIVE>Yes</ISDEEMEDPOSITIVE>
                <LEDGERFROMITEM>No</LEDGERFROMITEM><LEDGERNAME>Prince Kumar </LEDGERNAME>
                <AMOUNT>-18144.00</AMOUNT></ALLLEDGERENTRIES.LIST>  <ALLLEDGERENTRIES.LIST>
                <REMOVEZEROENTRIES>No</REMOVEZEROENTRIES>
                <ISDEEMEDPOSITIVE>No</ISDEEMEDPOSITIVE>
                <LEDGERFROMITEM>No</LEDGERFROMITEM>
                <LEDGERNAME>TARIFF</LEDGERNAME>
                <AMOUNT>16200</AMOUNT>
            </ALLLEDGERENTRIES.LIST>
            <ALLLEDGERENTRIES.LIST>
                <REMOVEZEROENTRIES>No</REMOVEZEROENTRIES>
                <ISDEEMEDPOSITIVE>No</ISDEEMEDPOSITIVE>
                <LEDGERFROMITEM>No</LEDGERFROMITEM>
                <LEDGERNAME>CGST@6%</LEDGERNAME>
                <AMOUNT>972</AMOUNT>
            </ALLLEDGERENTRIES.LIST>
            <ALLLEDGERENTRIES.LIST>
                <REMOVEZEROENTRIES>No</REMOVEZEROENTRIES>
                <ISDEEMEDPOSITIVE>No</ISDEEMEDPOSITIVE>
                <LEDGERFROMITEM>No</LEDGERFROMITEM>
                <LEDGERNAME>SGST@6%</LEDGERNAME>
                <AMOUNT>972</AMOUNT>
            </ALLLEDGERENTRIES.LIST>
        </VOUCHER>
    </TALLYMESSAGE>
    <TALLYMESSAGE xmlns:UDF="TallyUDF">
        <VOUCHER VCHTYPE="Counter Sales" ACTION="Create">
            <ISOPTIONAL>No</ISOPTIONAL>
            <USEFORGAINLOSS>No</USEFORGAINLOSS>
            <USEFORCOMPOUND>No</USEFORCOMPOUND>
            <VOUCHERTYPENAME>Counter Sales</VOUCHERTYPENAME>
            <DATE>08/11/2024</DATE>
            <EFFECTIVEDATE>08/11/2024</EFFECTIVEDATE>
            <ISCANCELLED>No</ISCANCELLED>
            <USETRACKINGNUMBER>No</USETRACKINGNUMBER>
            <ISPOSTDATED>No</ISPOSTDATED>
            <ISINVOICE>No</ISINVOICE>
            <DIFFACTUALQTY>No</DIFFACTUALQTY>
            <VOUCHERNUMBER>FO-202400423</VOUCHERNUMBER>
            <REFERENCE>FO-202400423</REFERENCE>
            <PARTYLEDGERNAME></PARTYLEDGERNAME>
            <NARRATION>FO BILL: FO-202400423 GUEST NAME: Ryan Educational Society ; Arr.Dt:07/11/2024; Dep.Dt:08/11/2024; Roomno:201,202,203,204,221,205,206,207,208,210,211,222,213,223,224,225,226,227,228,229,230,212,209 : Recpt#: FO-202400423</NARRATION>
            <UDF:HARYANAVAT.LIST DESC="`HARYANAVAT`"></UDF:HARYANAVAT.LIST><ALLLEDGERENTRIES.LIST>
                <REMOVEZEROENTRIES>No</REMOVEZEROENTRIES>
                <ISDEEMEDPOSITIVE>Yes</ISDEEMEDPOSITIVE>
                <LEDGERFROMITEM>No</LEDGERFROMITEM><LEDGERNAME>Ryan Educational Society </LEDGERNAME>
                <AMOUNT>-96600.00</AMOUNT></ALLLEDGERENTRIES.LIST>  <ALLLEDGERENTRIES.LIST>
                <REMOVEZEROENTRIES>No</REMOVEZEROENTRIES>
                <ISDEEMEDPOSITIVE>No</ISDEEMEDPOSITIVE>
                <LEDGERFROMITEM>No</LEDGERFROMITEM>
                <LEDGERNAME>TARIFF</LEDGERNAME>
                <AMOUNT>86250</AMOUNT>
            </ALLLEDGERENTRIES.LIST>
            <ALLLEDGERENTRIES.LIST>
                <REMOVEZEROENTRIES>No</REMOVEZEROENTRIES>
                <ISDEEMEDPOSITIVE>No</ISDEEMEDPOSITIVE>
                <LEDGERFROMITEM>No</LEDGERFROMITEM>
                <LEDGERNAME>CGST@6%</LEDGERNAME>
                <AMOUNT>5175</AMOUNT>
            </ALLLEDGERENTRIES.LIST>
            <ALLLEDGERENTRIES.LIST>
                <REMOVEZEROENTRIES>No</REMOVEZEROENTRIES>
                <ISDEEMEDPOSITIVE>No</ISDEEMEDPOSITIVE>
                <LEDGERFROMITEM>No</LEDGERFROMITEM>
                <LEDGERNAME>SGST@6%</LEDGERNAME>
                <AMOUNT>5175</AMOUNT>
            </ALLLEDGERENTRIES.LIST>
        </VOUCHER>
    </TALLYMESSAGE>
    <TALLYMESSAGE xmlns:UDF="TallyUDF">
        <VOUCHER VCHTYPE="Counter Sales" ACTION="Create">
            <ISOPTIONAL>No</ISOPTIONAL>
            <USEFORGAINLOSS>No</USEFORGAINLOSS>
            <USEFORCOMPOUND>No</USEFORCOMPOUND>
            <VOUCHERTYPENAME>Counter Sales</VOUCHERTYPENAME>
            <DATE>10/11/2024</DATE>
            <EFFECTIVEDATE>10/11/2024</EFFECTIVEDATE>
            <ISCANCELLED>No</ISCANCELLED>
            <USETRACKINGNUMBER>No</USETRACKINGNUMBER>
            <ISPOSTDATED>No</ISPOSTDATED>
            <ISINVOICE>No</ISINVOICE>
            <DIFFACTUALQTY>No</DIFFACTUALQTY>
            <VOUCHERNUMBER>FO-202400425</VOUCHERNUMBER>
            <REFERENCE>FO-202400425</REFERENCE>
            <PARTYLEDGERNAME></PARTYLEDGERNAME>
            <NARRATION>FO BILL: FO-202400425 GUEST NAME: S METHA; Arr.Dt:09/11/2024; Dep.Dt:10/11/2024; Roomno:219 : Recpt#: FO-202400425</NARRATION>
            <UDF:HARYANAVAT.LIST DESC="`HARYANAVAT`"></UDF:HARYANAVAT.LIST><ALLLEDGERENTRIES.LIST>
                <REMOVEZEROENTRIES>No</REMOVEZEROENTRIES>
                <ISDEEMEDPOSITIVE>Yes</ISDEEMEDPOSITIVE>
                <LEDGERFROMITEM>No</LEDGERFROMITEM><LEDGERNAME>Cash</LEDGERNAME>
                <AMOUNT>-2800.00</AMOUNT></ALLLEDGERENTRIES.LIST>  <ALLLEDGERENTRIES.LIST>
                <REMOVEZEROENTRIES>No</REMOVEZEROENTRIES>
                <ISDEEMEDPOSITIVE>No</ISDEEMEDPOSITIVE>
                <LEDGERFROMITEM>No</LEDGERFROMITEM>
                <LEDGERNAME>TARIFF</LEDGERNAME>
                <AMOUNT>2500</AMOUNT>
            </ALLLEDGERENTRIES.LIST>
            <ALLLEDGERENTRIES.LIST>
                <REMOVEZEROENTRIES>No</REMOVEZEROENTRIES>
                <ISDEEMEDPOSITIVE>No</ISDEEMEDPOSITIVE>
                <LEDGERFROMITEM>No</LEDGERFROMITEM>
                <LEDGERNAME>CGST@6%</LEDGERNAME>
                <AMOUNT>150</AMOUNT>
            </ALLLEDGERENTRIES.LIST>
            <ALLLEDGERENTRIES.LIST>
                <REMOVEZEROENTRIES>No</REMOVEZEROENTRIES>
                <ISDEEMEDPOSITIVE>No</ISDEEMEDPOSITIVE>
                <LEDGERFROMITEM>No</LEDGERFROMITEM>
                <LEDGERNAME>SGST@6%</LEDGERNAME>
                <AMOUNT>150</AMOUNT>
            </ALLLEDGERENTRIES.LIST>
        </VOUCHER>
    </TALLYMESSAGE>
    <TALLYMESSAGE xmlns:UDF="TallyUDF">
        <VOUCHER VCHTYPE="Counter Sales" ACTION="Create">
            <ISOPTIONAL>No</ISOPTIONAL>
            <USEFORGAINLOSS>No</USEFORGAINLOSS>
            <USEFORCOMPOUND>No</USEFORCOMPOUND>
            <VOUCHERTYPENAME>Counter Sales</VOUCHERTYPENAME>
            <DATE>10/11/2024</DATE>
            <EFFECTIVEDATE>10/11/2024</EFFECTIVEDATE>
            <ISCANCELLED>No</ISCANCELLED>
            <USETRACKINGNUMBER>No</USETRACKINGNUMBER>
            <ISPOSTDATED>No</ISPOSTDATED>
            <ISINVOICE>No</ISINVOICE>
            <DIFFACTUALQTY>No</DIFFACTUALQTY>
            <VOUCHERNUMBER>FO-202400427</VOUCHERNUMBER>
            <REFERENCE>FO-202400427</REFERENCE>
            <PARTYLEDGERNAME></PARTYLEDGERNAME>
            <NARRATION>FO BILL: FO-202400427 GUEST NAME: LOYOLA INTERNATIONAL SCHOOL; Arr.Dt:09/11/2024; Dep.Dt:10/11/2024; Roomno:227,213,102,103,104,107,108,109,110,111,303,307,308,309,310,311,501,502,503,505,506,507,508,509,510,511 : Recpt#: FO-202400427</NARRATION>
            <UDF:HARYANAVAT.LIST DESC="`HARYANAVAT`"></UDF:HARYANAVAT.LIST><ALLLEDGERENTRIES.LIST>
                <REMOVEZEROENTRIES>No</REMOVEZEROENTRIES>
                <ISDEEMEDPOSITIVE>Yes</ISDEEMEDPOSITIVE>
                <LEDGERFROMITEM>No</LEDGERFROMITEM><LEDGERNAME>LOYOLA INTERNATIONAL SCHOOL</LEDGERNAME>
                <AMOUNT>-140000.00</AMOUNT></ALLLEDGERENTRIES.LIST>  <ALLLEDGERENTRIES.LIST>
                <REMOVEZEROENTRIES>No</REMOVEZEROENTRIES>
                <ISDEEMEDPOSITIVE>No</ISDEEMEDPOSITIVE>
                <LEDGERFROMITEM>No</LEDGERFROMITEM>
                <LEDGERNAME>TARIFF</LEDGERNAME>
                <AMOUNT>125000</AMOUNT>
            </ALLLEDGERENTRIES.LIST>
            <ALLLEDGERENTRIES.LIST>
                <REMOVEZEROENTRIES>No</REMOVEZEROENTRIES>
                <ISDEEMEDPOSITIVE>No</ISDEEMEDPOSITIVE>
                <LEDGERFROMITEM>No</LEDGERFROMITEM>
                <LEDGERNAME>CGST@6%</LEDGERNAME>
                <AMOUNT>7500</AMOUNT>
            </ALLLEDGERENTRIES.LIST>
            <ALLLEDGERENTRIES.LIST>
                <REMOVEZEROENTRIES>No</REMOVEZEROENTRIES>
                <ISDEEMEDPOSITIVE>No</ISDEEMEDPOSITIVE>
                <LEDGERFROMITEM>No</LEDGERFROMITEM>
                <LEDGERNAME>SGST@6%</LEDGERNAME>
                <AMOUNT>7500</AMOUNT>
            </ALLLEDGERENTRIES.LIST>
        </VOUCHER>
    </TALLYMESSAGE>
    <TALLYMESSAGE xmlns:UDF="TallyUDF">
        <VOUCHER VCHTYPE="Counter Sales" ACTION="Create">
            <ISOPTIONAL>No</ISOPTIONAL>
            <USEFORGAINLOSS>No</USEFORGAINLOSS>
            <USEFORCOMPOUND>No</USEFORCOMPOUND>
            <VOUCHERTYPENAME>Counter Sales</VOUCHERTYPENAME>
            <DATE>11/11/2024</DATE>
            <EFFECTIVEDATE>11/11/2024</EFFECTIVEDATE>
            <ISCANCELLED>No</ISCANCELLED>
            <USETRACKINGNUMBER>No</USETRACKINGNUMBER>
            <ISPOSTDATED>No</ISPOSTDATED>
            <ISINVOICE>No</ISINVOICE>
            <DIFFACTUALQTY>No</DIFFACTUALQTY>
            <VOUCHERNUMBER>FO-202400434</VOUCHERNUMBER>
            <REFERENCE>FO-202400434</REFERENCE>
            <PARTYLEDGERNAME></PARTYLEDGERNAME>
            <NARRATION>FO BILL: FO-202400434 GUEST NAME: SOCIETYOF DMI; Arr.Dt:11/11/2024; Dep.Dt:11/11/2024; Roomno:108 : Recpt#: FO-202400434</NARRATION>
            <UDF:HARYANAVAT.LIST DESC="`HARYANAVAT`"></UDF:HARYANAVAT.LIST><ALLLEDGERENTRIES.LIST>
                <REMOVEZEROENTRIES>No</REMOVEZEROENTRIES>
                <ISDEEMEDPOSITIVE>Yes</ISDEEMEDPOSITIVE>
                <LEDGERFROMITEM>No</LEDGERFROMITEM><LEDGERNAME>SOCIETYOF DMI</LEDGERNAME>
                <AMOUNT>-1680.00</AMOUNT></ALLLEDGERENTRIES.LIST>  <ALLLEDGERENTRIES.LIST>
                <REMOVEZEROENTRIES>No</REMOVEZEROENTRIES>
                <ISDEEMEDPOSITIVE>No</ISDEEMEDPOSITIVE>
                <LEDGERFROMITEM>No</LEDGERFROMITEM>
                <LEDGERNAME>TARIFF</LEDGERNAME>
                <AMOUNT>1500</AMOUNT>
            </ALLLEDGERENTRIES.LIST>
            <ALLLEDGERENTRIES.LIST>
                <REMOVEZEROENTRIES>No</REMOVEZEROENTRIES>
                <ISDEEMEDPOSITIVE>No</ISDEEMEDPOSITIVE>
                <LEDGERFROMITEM>No</LEDGERFROMITEM>
                <LEDGERNAME>CGST@6%</LEDGERNAME>
                <AMOUNT>90</AMOUNT>
            </ALLLEDGERENTRIES.LIST>
            <ALLLEDGERENTRIES.LIST>
                <REMOVEZEROENTRIES>No</REMOVEZEROENTRIES>
                <ISDEEMEDPOSITIVE>No</ISDEEMEDPOSITIVE>
                <LEDGERFROMITEM>No</LEDGERFROMITEM>
                <LEDGERNAME>SGST@6%</LEDGERNAME>
                <AMOUNT>90</AMOUNT>
            </ALLLEDGERENTRIES.LIST>
        </VOUCHER>
    </TALLYMESSAGE>
    <TALLYMESSAGE xmlns:UDF="TallyUDF">
        <VOUCHER VCHTYPE="Counter Sales" ACTION="Create">
            <ISOPTIONAL>No</ISOPTIONAL>
            <USEFORGAINLOSS>No</USEFORGAINLOSS>
            <USEFORCOMPOUND>No</USEFORCOMPOUND>
            <VOUCHERTYPENAME>Counter Sales</VOUCHERTYPENAME>
            <DATE>12/11/2024</DATE>
            <EFFECTIVEDATE>12/11/2024</EFFECTIVEDATE>
            <ISCANCELLED>No</ISCANCELLED>
            <USETRACKINGNUMBER>No</USETRACKINGNUMBER>
            <ISPOSTDATED>No</ISPOSTDATED>
            <ISINVOICE>No</ISINVOICE>
            <DIFFACTUALQTY>No</DIFFACTUALQTY>
            <VOUCHERNUMBER>FO-202400435</VOUCHERNUMBER>
            <REFERENCE>FO-202400435</REFERENCE>
            <PARTYLEDGERNAME></PARTYLEDGERNAME>
            <NARRATION>FO BILL: FO-202400435 GUEST NAME: Diocese of Nellore ; Arr.Dt:12/11/2024; Dep.Dt:12/11/2024; Roomno:223,224 : Recpt#: FO-202400435</NARRATION>
            <UDF:HARYANAVAT.LIST DESC="`HARYANAVAT`"></UDF:HARYANAVAT.LIST><ALLLEDGERENTRIES.LIST>
                <REMOVEZEROENTRIES>No</REMOVEZEROENTRIES>
                <ISDEEMEDPOSITIVE>Yes</ISDEEMEDPOSITIVE>
                <LEDGERFROMITEM>No</LEDGERFROMITEM><LEDGERNAME>CBI 5532547292</LEDGERNAME>
                <AMOUNT>-5600.00</AMOUNT></ALLLEDGERENTRIES.LIST>  <ALLLEDGERENTRIES.LIST>
                <REMOVEZEROENTRIES>No</REMOVEZEROENTRIES>
                <ISDEEMEDPOSITIVE>No</ISDEEMEDPOSITIVE>
                <LEDGERFROMITEM>No</LEDGERFROMITEM>
                <LEDGERNAME>TARIFF</LEDGERNAME>
                <AMOUNT>5000</AMOUNT>
            </ALLLEDGERENTRIES.LIST>
            <ALLLEDGERENTRIES.LIST>
                <REMOVEZEROENTRIES>No</REMOVEZEROENTRIES>
                <ISDEEMEDPOSITIVE>No</ISDEEMEDPOSITIVE>
                <LEDGERFROMITEM>No</LEDGERFROMITEM>
                <LEDGERNAME>CGST@6%</LEDGERNAME>
                <AMOUNT>300</AMOUNT>
            </ALLLEDGERENTRIES.LIST>
            <ALLLEDGERENTRIES.LIST>
                <REMOVEZEROENTRIES>No</REMOVEZEROENTRIES>
                <ISDEEMEDPOSITIVE>No</ISDEEMEDPOSITIVE>
                <LEDGERFROMITEM>No</LEDGERFROMITEM>
                <LEDGERNAME>SGST@6%</LEDGERNAME>
                <AMOUNT>300</AMOUNT>
            </ALLLEDGERENTRIES.LIST>
        </VOUCHER>
    </TALLYMESSAGE>
    <TALLYMESSAGE xmlns:UDF="TallyUDF">
        <VOUCHER VCHTYPE="Counter Sales" ACTION="Create">
            <ISOPTIONAL>No</ISOPTIONAL>
            <USEFORGAINLOSS>No</USEFORGAINLOSS>
            <USEFORCOMPOUND>No</USEFORCOMPOUND>
            <VOUCHERTYPENAME>Counter Sales</VOUCHERTYPENAME>
            <DATE>13/11/2024</DATE>
            <EFFECTIVEDATE>13/11/2024</EFFECTIVEDATE>
            <ISCANCELLED>No</ISCANCELLED>
            <USETRACKINGNUMBER>No</USETRACKINGNUMBER>
            <ISPOSTDATED>No</ISPOSTDATED>
            <ISINVOICE>No</ISINVOICE>
            <DIFFACTUALQTY>No</DIFFACTUALQTY>
            <VOUCHERNUMBER>FO-202400436</VOUCHERNUMBER>
            <REFERENCE>FO-202400436</REFERENCE>
            <PARTYLEDGERNAME></PARTYLEDGERNAME>
            <NARRATION>FO BILL: FO-202400436 GUEST NAME: GNANA PRAKASHAM; Arr.Dt:12/11/2024; Dep.Dt:13/11/2024; Roomno:217 : Recpt#: FO-202400436</NARRATION>
            <UDF:HARYANAVAT.LIST DESC="`HARYANAVAT`"></UDF:HARYANAVAT.LIST><ALLLEDGERENTRIES.LIST>
                <REMOVEZEROENTRIES>No</REMOVEZEROENTRIES>
                <ISDEEMEDPOSITIVE>Yes</ISDEEMEDPOSITIVE>
                <LEDGERFROMITEM>No</LEDGERFROMITEM><LEDGERNAME>Cash</LEDGERNAME>
                <AMOUNT>-1680.00</AMOUNT></ALLLEDGERENTRIES.LIST>  <ALLLEDGERENTRIES.LIST>
                <REMOVEZEROENTRIES>No</REMOVEZEROENTRIES>
                <ISDEEMEDPOSITIVE>No</ISDEEMEDPOSITIVE>
                <LEDGERFROMITEM>No</LEDGERFROMITEM>
                <LEDGERNAME>TARIFF</LEDGERNAME>
                <AMOUNT>1500</AMOUNT>
            </ALLLEDGERENTRIES.LIST>
            <ALLLEDGERENTRIES.LIST>
                <REMOVEZEROENTRIES>No</REMOVEZEROENTRIES>
                <ISDEEMEDPOSITIVE>No</ISDEEMEDPOSITIVE>
                <LEDGERFROMITEM>No</LEDGERFROMITEM>
                <LEDGERNAME>CGST@6%</LEDGERNAME>
                <AMOUNT>90</AMOUNT>
            </ALLLEDGERENTRIES.LIST>
            <ALLLEDGERENTRIES.LIST>
                <REMOVEZEROENTRIES>No</REMOVEZEROENTRIES>
                <ISDEEMEDPOSITIVE>No</ISDEEMEDPOSITIVE>
                <LEDGERFROMITEM>No</LEDGERFROMITEM>
                <LEDGERNAME>SGST@6%</LEDGERNAME>
                <AMOUNT>90</AMOUNT>
            </ALLLEDGERENTRIES.LIST>
        </VOUCHER>
    </TALLYMESSAGE>
    <TALLYMESSAGE xmlns:UDF="TallyUDF">
        <VOUCHER VCHTYPE="Counter Sales" ACTION="Create">
            <ISOPTIONAL>No</ISOPTIONAL>
            <USEFORGAINLOSS>No</USEFORGAINLOSS>
            <USEFORCOMPOUND>No</USEFORCOMPOUND>
            <VOUCHERTYPENAME>Counter Sales</VOUCHERTYPENAME>
            <DATE>14/11/2024</DATE>
            <EFFECTIVEDATE>14/11/2024</EFFECTIVEDATE>
            <ISCANCELLED>No</ISCANCELLED>
            <USETRACKINGNUMBER>No</USETRACKINGNUMBER>
            <ISPOSTDATED>No</ISPOSTDATED>
            <ISINVOICE>No</ISINVOICE>
            <DIFFACTUALQTY>No</DIFFACTUALQTY>
            <VOUCHERNUMBER>FO-202400356</VOUCHERNUMBER>
            <REFERENCE>FO-202400356</REFERENCE>
            <PARTYLEDGERNAME></PARTYLEDGERNAME>
            <NARRATION>FO BILL: FO-202400356 GUEST NAME: YOUTH WITH A MISSION; Arr.Dt:11/11/2024; Dep.Dt:14/11/2024; Roomno:201,202,203,204,205,206,219,220,221,222 : Recpt#: FO-202400356</NARRATION>
            <UDF:HARYANAVAT.LIST DESC="`HARYANAVAT`"></UDF:HARYANAVAT.LIST><ALLLEDGERENTRIES.LIST>
                <REMOVEZEROENTRIES>No</REMOVEZEROENTRIES>
                <ISDEEMEDPOSITIVE>Yes</ISDEEMEDPOSITIVE>
                <LEDGERFROMITEM>No</LEDGERFROMITEM><LEDGERNAME>INH ADVANCE</LEDGERNAME>
                <AMOUNT>-10000.00</AMOUNT> </ALLLEDGERENTRIES.LIST><ALLLEDGERENTRIES.LIST>
                <REMOVEZEROENTRIES>No</REMOVEZEROENTRIES>
                <ISDEEMEDPOSITIVE>Yes</ISDEEMEDPOSITIVE>
                <LEDGERFROMITEM>No</LEDGERFROMITEM><LEDGERNAME>YOUTH WITH A MISSION</LEDGERNAME>
                <AMOUNT>-57200.00</AMOUNT></ALLLEDGERENTRIES.LIST>  <ALLLEDGERENTRIES.LIST>
                <REMOVEZEROENTRIES>No</REMOVEZEROENTRIES>
                <ISDEEMEDPOSITIVE>No</ISDEEMEDPOSITIVE>
                <LEDGERFROMITEM>No</LEDGERFROMITEM>
                <LEDGERNAME>TARIFF</LEDGERNAME>
                <AMOUNT>60000</AMOUNT>
            </ALLLEDGERENTRIES.LIST>
            <ALLLEDGERENTRIES.LIST>
                <REMOVEZEROENTRIES>No</REMOVEZEROENTRIES>
                <ISDEEMEDPOSITIVE>No</ISDEEMEDPOSITIVE>
                <LEDGERFROMITEM>No</LEDGERFROMITEM>
                <LEDGERNAME>CGST@6%</LEDGERNAME>
                <AMOUNT>3600</AMOUNT>
            </ALLLEDGERENTRIES.LIST>
            <ALLLEDGERENTRIES.LIST>
                <REMOVEZEROENTRIES>No</REMOVEZEROENTRIES>
                <ISDEEMEDPOSITIVE>No</ISDEEMEDPOSITIVE>
                <LEDGERFROMITEM>No</LEDGERFROMITEM>
                <LEDGERNAME>SGST@6%</LEDGERNAME>
                <AMOUNT>3600</AMOUNT>
            </ALLLEDGERENTRIES.LIST>
        </VOUCHER>
    </TALLYMESSAGE>
    <TALLYMESSAGE xmlns:UDF="TallyUDF">
        <VOUCHER VCHTYPE="Counter Sales" ACTION="Create">
            <ISOPTIONAL>No</ISOPTIONAL>
            <USEFORGAINLOSS>No</USEFORGAINLOSS>
            <USEFORCOMPOUND>No</USEFORCOMPOUND>
            <VOUCHERTYPENAME>Counter Sales</VOUCHERTYPENAME>
            <DATE>13/11/2024</DATE>
            <EFFECTIVEDATE>13/11/2024</EFFECTIVEDATE>
            <ISCANCELLED>No</ISCANCELLED>
            <USETRACKINGNUMBER>No</USETRACKINGNUMBER>
            <ISPOSTDATED>No</ISPOSTDATED>
            <ISINVOICE>No</ISINVOICE>
            <DIFFACTUALQTY>No</DIFFACTUALQTY>
            <VOUCHERNUMBER>FO-202400438</VOUCHERNUMBER>
            <REFERENCE>FO-202400438</REFERENCE>
            <PARTYLEDGERNAME></PARTYLEDGERNAME>
            <NARRATION>FO BILL: FO-202400438 GUEST NAME: SOCIETYOF DMI; Arr.Dt:12/11/2024; Dep.Dt:13/11/2024; Roomno:110 : Recpt#: FO-202400438</NARRATION>
            <UDF:HARYANAVAT.LIST DESC="`HARYANAVAT`"></UDF:HARYANAVAT.LIST><ALLLEDGERENTRIES.LIST>
                <REMOVEZEROENTRIES>No</REMOVEZEROENTRIES>
                <ISDEEMEDPOSITIVE>Yes</ISDEEMEDPOSITIVE>
                <LEDGERFROMITEM>No</LEDGERFROMITEM><LEDGERNAME>SOCIETYOF DMI</LEDGERNAME>
                <AMOUNT>-1680.00</AMOUNT></ALLLEDGERENTRIES.LIST>  <ALLLEDGERENTRIES.LIST>
                <REMOVEZEROENTRIES>No</REMOVEZEROENTRIES>
                <ISDEEMEDPOSITIVE>No</ISDEEMEDPOSITIVE>
                <LEDGERFROMITEM>No</LEDGERFROMITEM>
                <LEDGERNAME>TARIFF</LEDGERNAME>
                <AMOUNT>1500</AMOUNT>
            </ALLLEDGERENTRIES.LIST>
            <ALLLEDGERENTRIES.LIST>
                <REMOVEZEROENTRIES>No</REMOVEZEROENTRIES>
                <ISDEEMEDPOSITIVE>No</ISDEEMEDPOSITIVE>
                <LEDGERFROMITEM>No</LEDGERFROMITEM>
                <LEDGERNAME>CGST@6%</LEDGERNAME>
                <AMOUNT>90</AMOUNT>
            </ALLLEDGERENTRIES.LIST>
            <ALLLEDGERENTRIES.LIST>
                <REMOVEZEROENTRIES>No</REMOVEZEROENTRIES>
                <ISDEEMEDPOSITIVE>No</ISDEEMEDPOSITIVE>
                <LEDGERFROMITEM>No</LEDGERFROMITEM>
                <LEDGERNAME>SGST@6%</LEDGERNAME>
                <AMOUNT>90</AMOUNT>
            </ALLLEDGERENTRIES.LIST>
        </VOUCHER>
    </TALLYMESSAGE>
    <TALLYMESSAGE xmlns:UDF="TallyUDF">
        <VOUCHER VCHTYPE="Counter Sales" ACTION="Create">
            <ISOPTIONAL>No</ISOPTIONAL>
            <USEFORGAINLOSS>No</USEFORGAINLOSS>
            <USEFORCOMPOUND>No</USEFORCOMPOUND>
            <VOUCHERTYPENAME>Counter Sales</VOUCHERTYPENAME>
            <DATE>15/11/2024</DATE>
            <EFFECTIVEDATE>15/11/2024</EFFECTIVEDATE>
            <ISCANCELLED>No</ISCANCELLED>
            <USETRACKINGNUMBER>No</USETRACKINGNUMBER>
            <ISPOSTDATED>No</ISPOSTDATED>
            <ISINVOICE>No</ISINVOICE>
            <DIFFACTUALQTY>No</DIFFACTUALQTY>
            <VOUCHERNUMBER>FO-202400439</VOUCHERNUMBER>
            <REFERENCE>FO-202400439</REFERENCE>
            <PARTYLEDGERNAME></PARTYLEDGERNAME>
            <NARRATION>FO BILL: FO-202400439 GUEST NAME: BROS.JOKKI JERALD; Arr.Dt:14/11/2024; Dep.Dt:15/11/2024; Roomno:223,107,108,109 : Recpt#: FO-202400439</NARRATION>
            <UDF:HARYANAVAT.LIST DESC="`HARYANAVAT`"></UDF:HARYANAVAT.LIST><ALLLEDGERENTRIES.LIST>
                <REMOVEZEROENTRIES>No</REMOVEZEROENTRIES>
                <ISDEEMEDPOSITIVE>Yes</ISDEEMEDPOSITIVE>
                <LEDGERFROMITEM>No</LEDGERFROMITEM><LEDGERNAME>Cash</LEDGERNAME>
                <AMOUNT>-7840.00</AMOUNT></ALLLEDGERENTRIES.LIST>  <ALLLEDGERENTRIES.LIST>
                <REMOVEZEROENTRIES>No</REMOVEZEROENTRIES>
                <ISDEEMEDPOSITIVE>No</ISDEEMEDPOSITIVE>
                <LEDGERFROMITEM>No</LEDGERFROMITEM>
                <LEDGERNAME>TARIFF</LEDGERNAME>
                <AMOUNT>7000</AMOUNT>
            </ALLLEDGERENTRIES.LIST>
            <ALLLEDGERENTRIES.LIST>
                <REMOVEZEROENTRIES>No</REMOVEZEROENTRIES>
                <ISDEEMEDPOSITIVE>No</ISDEEMEDPOSITIVE>
                <LEDGERFROMITEM>No</LEDGERFROMITEM>
                <LEDGERNAME>CGST@6%</LEDGERNAME>
                <AMOUNT>420</AMOUNT>
            </ALLLEDGERENTRIES.LIST>
            <ALLLEDGERENTRIES.LIST>
                <REMOVEZEROENTRIES>No</REMOVEZEROENTRIES>
                <ISDEEMEDPOSITIVE>No</ISDEEMEDPOSITIVE>
                <LEDGERFROMITEM>No</LEDGERFROMITEM>
                <LEDGERNAME>SGST@6%</LEDGERNAME>
                <AMOUNT>420</AMOUNT>
            </ALLLEDGERENTRIES.LIST>
        </VOUCHER>
    </TALLYMESSAGE>
    <TALLYMESSAGE xmlns:UDF="TallyUDF">
        <VOUCHER VCHTYPE="Counter Sales" ACTION="Create">
            <ISOPTIONAL>No</ISOPTIONAL>
            <USEFORGAINLOSS>No</USEFORGAINLOSS>
            <USEFORCOMPOUND>No</USEFORCOMPOUND>
            <VOUCHERTYPENAME>Counter Sales</VOUCHERTYPENAME>
            <DATE>13/11/2024</DATE>
            <EFFECTIVEDATE>13/11/2024</EFFECTIVEDATE>
            <ISCANCELLED>No</ISCANCELLED>
            <USETRACKINGNUMBER>No</USETRACKINGNUMBER>
            <ISPOSTDATED>No</ISPOSTDATED>
            <ISINVOICE>No</ISINVOICE>
            <DIFFACTUALQTY>No</DIFFACTUALQTY>
            <VOUCHERNUMBER>FO-202400426</VOUCHERNUMBER>
            <REFERENCE>FO-202400426</REFERENCE>
            <PARTYLEDGERNAME></PARTYLEDGERNAME>
            <NARRATION>FO BILL: FO-202400426 GUEST NAME: YOUTH WITH A MISSION; Arr.Dt:10/11/2024; Dep.Dt:13/11/2024; Roomno:214,208,209,207,210,211,212,213,215,201 : Recpt#: FO-202400426</NARRATION>
            <UDF:HARYANAVAT.LIST DESC="`HARYANAVAT`"></UDF:HARYANAVAT.LIST><ALLLEDGERENTRIES.LIST>
                <REMOVEZEROENTRIES>No</REMOVEZEROENTRIES>
                <ISDEEMEDPOSITIVE>Yes</ISDEEMEDPOSITIVE>
                <LEDGERFROMITEM>No</LEDGERFROMITEM><LEDGERNAME>YOUTH WITH A MISSION</LEDGERNAME>
                <AMOUNT>-67200.00</AMOUNT></ALLLEDGERENTRIES.LIST>  <ALLLEDGERENTRIES.LIST>
                <REMOVEZEROENTRIES>No</REMOVEZEROENTRIES>
                <ISDEEMEDPOSITIVE>No</ISDEEMEDPOSITIVE>
                <LEDGERFROMITEM>No</LEDGERFROMITEM>
                <LEDGERNAME>TARIFF</LEDGERNAME>
                <AMOUNT>60000</AMOUNT>
            </ALLLEDGERENTRIES.LIST>
            <ALLLEDGERENTRIES.LIST>
                <REMOVEZEROENTRIES>No</REMOVEZEROENTRIES>
                <ISDEEMEDPOSITIVE>No</ISDEEMEDPOSITIVE>
                <LEDGERFROMITEM>No</LEDGERFROMITEM>
                <LEDGERNAME>CGST@6%</LEDGERNAME>
                <AMOUNT>3600</AMOUNT>
            </ALLLEDGERENTRIES.LIST>
            <ALLLEDGERENTRIES.LIST>
                <REMOVEZEROENTRIES>No</REMOVEZEROENTRIES>
                <ISDEEMEDPOSITIVE>No</ISDEEMEDPOSITIVE>
                <LEDGERFROMITEM>No</LEDGERFROMITEM>
                <LEDGERNAME>SGST@6%</LEDGERNAME>
                <AMOUNT>3600</AMOUNT>
            </ALLLEDGERENTRIES.LIST>
        </VOUCHER>
    </TALLYMESSAGE>
    <TALLYMESSAGE xmlns:UDF="TallyUDF">
        <VOUCHER VCHTYPE="Counter Sales" ACTION="Create">
            <ISOPTIONAL>No</ISOPTIONAL>
            <USEFORGAINLOSS>No</USEFORGAINLOSS>
            <USEFORCOMPOUND>No</USEFORCOMPOUND>
            <VOUCHERTYPENAME>Counter Sales</VOUCHERTYPENAME>
            <DATE>11/11/2024</DATE>
            <EFFECTIVEDATE>11/11/2024</EFFECTIVEDATE>
            <ISCANCELLED>No</ISCANCELLED>
            <USETRACKINGNUMBER>No</USETRACKINGNUMBER>
            <ISPOSTDATED>No</ISPOSTDATED>
            <ISINVOICE>No</ISINVOICE>
            <DIFFACTUALQTY>No</DIFFACTUALQTY>
            <VOUCHERNUMBER>FO-202400468</VOUCHERNUMBER>
            <REFERENCE>FO-202400468</REFERENCE>
            <PARTYLEDGERNAME></PARTYLEDGERNAME>
            <NARRATION>FO BILL: FO-202400468 GUEST NAME: ROBIN JOSEPH; Arr.Dt:11/11/2024; Dep.Dt:11/11/2024; Roomno:513,511,320,319,102,318,317 : Recpt#: FO-202400468</NARRATION>
            <UDF:HARYANAVAT.LIST DESC="`HARYANAVAT`"></UDF:HARYANAVAT.LIST><ALLLEDGERENTRIES.LIST>
                <REMOVEZEROENTRIES>No</REMOVEZEROENTRIES>
                <ISDEEMEDPOSITIVE>Yes</ISDEEMEDPOSITIVE>
                <LEDGERFROMITEM>No</LEDGERFROMITEM><LEDGERNAME>INH ADVANCE</LEDGERNAME>
                <AMOUNT>-2500.00</AMOUNT> </ALLLEDGERENTRIES.LIST><ALLLEDGERENTRIES.LIST>
                <REMOVEZEROENTRIES>No</REMOVEZEROENTRIES>
                <ISDEEMEDPOSITIVE>Yes</ISDEEMEDPOSITIVE>
                <LEDGERFROMITEM>No</LEDGERFROMITEM><LEDGERNAME>CBI 5532547292</LEDGERNAME>
                <AMOUNT>-11612.00</AMOUNT></ALLLEDGERENTRIES.LIST>  <ALLLEDGERENTRIES.LIST>
                <REMOVEZEROENTRIES>No</REMOVEZEROENTRIES>
                <ISDEEMEDPOSITIVE>No</ISDEEMEDPOSITIVE>
                <LEDGERFROMITEM>No</LEDGERFROMITEM>
                <LEDGERNAME>TARIFF</LEDGERNAME>
                <AMOUNT>12600</AMOUNT>
            </ALLLEDGERENTRIES.LIST>
            <ALLLEDGERENTRIES.LIST>
                <REMOVEZEROENTRIES>No</REMOVEZEROENTRIES>
                <ISDEEMEDPOSITIVE>No</ISDEEMEDPOSITIVE>
                <LEDGERFROMITEM>No</LEDGERFROMITEM>
                <LEDGERNAME>CGST@6%</LEDGERNAME>
                <AMOUNT>756</AMOUNT>
            </ALLLEDGERENTRIES.LIST>
            <ALLLEDGERENTRIES.LIST>
                <REMOVEZEROENTRIES>No</REMOVEZEROENTRIES>
                <ISDEEMEDPOSITIVE>No</ISDEEMEDPOSITIVE>
                <LEDGERFROMITEM>No</LEDGERFROMITEM>
                <LEDGERNAME>SGST@6%</LEDGERNAME>
                <AMOUNT>756</AMOUNT>
            </ALLLEDGERENTRIES.LIST>
        </VOUCHER>
    </TALLYMESSAGE>
    <TALLYMESSAGE xmlns:UDF="TallyUDF">
        <VOUCHER VCHTYPE="Counter Sales" ACTION="Create">
            <ISOPTIONAL>No</ISOPTIONAL>
            <USEFORGAINLOSS>No</USEFORGAINLOSS>
            <USEFORCOMPOUND>No</USEFORCOMPOUND>
            <VOUCHERTYPENAME>Counter Sales</VOUCHERTYPENAME>
            <DATE>13/11/2024</DATE>
            <EFFECTIVEDATE>13/11/2024</EFFECTIVEDATE>
            <ISCANCELLED>No</ISCANCELLED>
            <USETRACKINGNUMBER>No</USETRACKINGNUMBER>
            <ISPOSTDATED>No</ISPOSTDATED>
            <ISINVOICE>No</ISINVOICE>
            <DIFFACTUALQTY>No</DIFFACTUALQTY>
            <VOUCHERNUMBER>FO-202400368</VOUCHERNUMBER>
            <REFERENCE>FO-202400368</REFERENCE>
            <PARTYLEDGERNAME></PARTYLEDGERNAME>
            <NARRATION>FO BILL: FO-202400368 GUEST NAME: YOUTH WITH A MISSION; Arr.Dt:11/11/2024; Dep.Dt:13/11/2024; Roomno:212,213,214 : Recpt#: FO-202400368</NARRATION>
            <UDF:HARYANAVAT.LIST DESC="`HARYANAVAT`"></UDF:HARYANAVAT.LIST>  <ALLLEDGERENTRIES.LIST>
                <REMOVEZEROENTRIES>No</REMOVEZEROENTRIES>
                <ISDEEMEDPOSITIVE>No</ISDEEMEDPOSITIVE>
                <LEDGERFROMITEM>No</LEDGERFROMITEM>
                <LEDGERNAME>TARIFF</LEDGERNAME>
                <AMOUNT>13500</AMOUNT>
            </ALLLEDGERENTRIES.LIST>
            <ALLLEDGERENTRIES.LIST>
                <REMOVEZEROENTRIES>No</REMOVEZEROENTRIES>
                <ISDEEMEDPOSITIVE>No</ISDEEMEDPOSITIVE>
                <LEDGERFROMITEM>No</LEDGERFROMITEM>
                <LEDGERNAME>CGST@6%</LEDGERNAME>
                <AMOUNT>810</AMOUNT>
            </ALLLEDGERENTRIES.LIST>
            <ALLLEDGERENTRIES.LIST>
                <REMOVEZEROENTRIES>No</REMOVEZEROENTRIES>
                <ISDEEMEDPOSITIVE>No</ISDEEMEDPOSITIVE>
                <LEDGERFROMITEM>No</LEDGERFROMITEM>
                <LEDGERNAME>SGST@6%</LEDGERNAME>
                <AMOUNT>810</AMOUNT>
            </ALLLEDGERENTRIES.LIST>
        </VOUCHER>
    </TALLYMESSAGE>
<TALLYMESSAGE xmlns:UDF="TallyUDF">
    <VOUCHER VCHTYPE="Counter Sales" ACTION="Create">
        <ISOPTIONAL>No</ISOPTIONAL>
        <USEFORGAINLOSS>No</USEFORGAINLOSS>
        <USEFORCOMPOUND>No</USEFORCOMPOUND>
        <VOUCHERTYPENAME>Counter Sales</VOUCHERTYPENAME>
        <DATE>01-11-2024</DATE>
        <EFFECTIVEDATE>01-11-2024</EFFECTIVEDATE>
        <ISCANCELLED>No</ISCANCELLED>
        <USETRACKINGNUMBER>No</USETRACKINGNUMBER>
        <ISPOSTDATED>No</ISPOSTDATED>
        <ISINVOICE>No</ISINVOICE>
        <DIFFACTUALQTY>No</DIFFACTUALQTY>
        <VOUCHERNUMBER>DIN202400330</VOUCHERNUMBER>
        <REFERENCE>DIN202400330</REFERENCE>
        <PARTYLEDGERNAME></PARTYLEDGERNAME>
      <NARRATION>DIN202400330 GUEST NAME:KRISTI SPANDAN VINUBHAI</NARRATION>

        <UDF:HARYANAVAT.LIST DESC="`HARYANAVAT`"></UDF:HARYANAVAT.LIST><ALLLEDGERENTRIES.LIST>
                <REMOVEZEROENTRIES>No</REMOVEZEROENTRIES>
                <ISDEEMEDPOSITIVE>Yes</ISDEEMEDPOSITIVE>
                <LEDGERFROMITEM>No</LEDGERFROMITEM><LEDGERNAME>Cash</LEDGERNAME>
                <AMOUNT>-3000</AMOUNT>
     <BILLALLOCATIONS.LIST>
                    <NAME>DIN202400330</NAME>
                    <BILLTYPE>New Ref</BILLTYPE>
                    <BILLCREDITPERIOD/>
                    <AMOUNT>-3000
                    </AMOUNT>
                </BILLALLOCATIONS.LIST>
                 </ALLLEDGERENTRIES.LIST>
       <ALLLEDGERENTRIES.LIST>
                <REMOVEZEROENTRIES>No</REMOVEZEROENTRIES>
                <ISDEEMEDPOSITIVE>Yes</ISDEEMEDPOSITIVE>
                <LEDGERFROMITEM>No</LEDGERFROMITEM><BILLALLOCATIONS.LIST>
                    <NAME>DIN202400330</NAME>
                    <BILLTYPE>New Ref</BILLTYPE>
                    <BILLCREDITPERIOD/>
                    <AMOUNT>-3000
                    </AMOUNT>
                </BILLALLOCATIONS.LIST>
            </ALLLEDGERENTRIES.LIST>


        

   <ALLLEDGERENTRIES.LIST>
                <REMOVEZEROENTRIES>No</REMOVEZEROENTRIES>
                <ISDEEMEDPOSITIVE>No</ISDEEMEDPOSITIVE>
                <LEDGERFROMITEM>No</LEDGERFROMITEM>
                <LEDGERNAME>Food @5%</LEDGERNAME>
                <AMOUNT>2858</AMOUNT>
            </ALLLEDGERENTRIES.LIST>
            <ALLLEDGERENTRIES.LIST>
                <REMOVEZEROENTRIES>No</REMOVEZEROENTRIES>
                <ISDEEMEDPOSITIVE>No</ISDEEMEDPOSITIVE>
                <LEDGERFROMITEM>No</LEDGERFROMITEM>
                <LEDGERNAME>CGST@2.5%</LEDGERNAME>
                <AMOUNT>71</AMOUNT>
            </ALLLEDGERENTRIES.LIST>
            <ALLLEDGERENTRIES.LIST>
                <REMOVEZEROENTRIES>No</REMOVEZEROENTRIES>
                <ISDEEMEDPOSITIVE>No</ISDEEMEDPOSITIVE>
                <LEDGERFROMITEM>No</LEDGERFROMITEM>
                <LEDGERNAME>SGST@2.5%</LEDGERNAME>
                <AMOUNT>71</AMOUNT>
            </ALLLEDGERENTRIES.LIST>
        
    </VOUCHER>
</TALLYMESSAGE>
<TALLYMESSAGE xmlns:UDF="TallyUDF">
    <VOUCHER VCHTYPE="Counter Sales" ACTION="Create">
        <ISOPTIONAL>No</ISOPTIONAL>
        <USEFORGAINLOSS>No</USEFORGAINLOSS>
        <USEFORCOMPOUND>No</USEFORCOMPOUND>
        <VOUCHERTYPENAME>Counter Sales</VOUCHERTYPENAME>
        <DATE>01-11-2024</DATE>
        <EFFECTIVEDATE>01-11-2024</EFFECTIVEDATE>
        <ISCANCELLED>No</ISCANCELLED>
        <USETRACKINGNUMBER>No</USETRACKINGNUMBER>
        <ISPOSTDATED>No</ISPOSTDATED>
        <ISINVOICE>No</ISINVOICE>
        <DIFFACTUALQTY>No</DIFFACTUALQTY>
        <VOUCHERNUMBER>DIN202400331</VOUCHERNUMBER>
        <REFERENCE>DIN202400331</REFERENCE>
        <PARTYLEDGERNAME></PARTYLEDGERNAME>
      <NARRATION>DIN202400331 GUEST NAME:JOHN KIRUBA VALAN</NARRATION>

        <UDF:HARYANAVAT.LIST DESC="`HARYANAVAT`"></UDF:HARYANAVAT.LIST><ALLLEDGERENTRIES.LIST>
                <REMOVEZEROENTRIES>No</REMOVEZEROENTRIES>
                <ISDEEMEDPOSITIVE>Yes</ISDEEMEDPOSITIVE>
                <LEDGERFROMITEM>No</LEDGERFROMITEM><LEDGERNAME>Card Payment</LEDGERNAME>
                <AMOUNT>-4042</AMOUNT>
     <BILLALLOCATIONS.LIST>
                    <NAME>DIN202400331</NAME>
                    <BILLTYPE>New Ref</BILLTYPE>
                    <BILLCREDITPERIOD/>
                    <AMOUNT>-4042
                    </AMOUNT>
                </BILLALLOCATIONS.LIST>
                 </ALLLEDGERENTRIES.LIST>
       <ALLLEDGERENTRIES.LIST>
                <REMOVEZEROENTRIES>No</REMOVEZEROENTRIES>
                <ISDEEMEDPOSITIVE>Yes</ISDEEMEDPOSITIVE>
                <LEDGERFROMITEM>No</LEDGERFROMITEM><BILLALLOCATIONS.LIST>
                    <NAME>DIN202400331</NAME>
                    <BILLTYPE>New Ref</BILLTYPE>
                    <BILLCREDITPERIOD/>
                    <AMOUNT>-4042
                    </AMOUNT>
                </BILLALLOCATIONS.LIST>
            </ALLLEDGERENTRIES.LIST>


        

   <ALLLEDGERENTRIES.LIST>
                <REMOVEZEROENTRIES>No</REMOVEZEROENTRIES>
                <ISDEEMEDPOSITIVE>No</ISDEEMEDPOSITIVE>
                <LEDGERFROMITEM>No</LEDGERFROMITEM>
                <LEDGERNAME>Food @5%</LEDGERNAME>
                <AMOUNT>3850</AMOUNT>
            </ALLLEDGERENTRIES.LIST>
            <ALLLEDGERENTRIES.LIST>
                <REMOVEZEROENTRIES>No</REMOVEZEROENTRIES>
                <ISDEEMEDPOSITIVE>No</ISDEEMEDPOSITIVE>
                <LEDGERFROMITEM>No</LEDGERFROMITEM>
                <LEDGERNAME>CGST@2.5%</LEDGERNAME>
                <AMOUNT>96</AMOUNT>
            </ALLLEDGERENTRIES.LIST>
            <ALLLEDGERENTRIES.LIST>
                <REMOVEZEROENTRIES>No</REMOVEZEROENTRIES>
                <ISDEEMEDPOSITIVE>No</ISDEEMEDPOSITIVE>
                <LEDGERFROMITEM>No</LEDGERFROMITEM>
                <LEDGERNAME>SGST@2.5%</LEDGERNAME>
                <AMOUNT>96</AMOUNT>
            </ALLLEDGERENTRIES.LIST>
        
    </VOUCHER>
</TALLYMESSAGE>
<TALLYMESSAGE xmlns:UDF="TallyUDF">
    <VOUCHER VCHTYPE="Counter Sales" ACTION="Create">
        <ISOPTIONAL>No</ISOPTIONAL>
        <USEFORGAINLOSS>No</USEFORGAINLOSS>
        <USEFORCOMPOUND>No</USEFORCOMPOUND>
        <VOUCHERTYPENAME>Counter Sales</VOUCHERTYPENAME>
        <DATE>01-11-2024</DATE>
        <EFFECTIVEDATE>01-11-2024</EFFECTIVEDATE>
        <ISCANCELLED>No</ISCANCELLED>
        <USETRACKINGNUMBER>No</USETRACKINGNUMBER>
        <ISPOSTDATED>No</ISPOSTDATED>
        <ISINVOICE>No</ISINVOICE>
        <DIFFACTUALQTY>No</DIFFACTUALQTY>
        <VOUCHERNUMBER>DIN202400332</VOUCHERNUMBER>
        <REFERENCE>DIN202400332</REFERENCE>
        <PARTYLEDGERNAME></PARTYLEDGERNAME>
      <NARRATION>DIN202400332 GUEST NAME:NAVEEN CHINTALA</NARRATION>

        <UDF:HARYANAVAT.LIST DESC="`HARYANAVAT`"></UDF:HARYANAVAT.LIST><ALLLEDGERENTRIES.LIST>
                <REMOVEZEROENTRIES>No</REMOVEZEROENTRIES>
                <ISDEEMEDPOSITIVE>Yes</ISDEEMEDPOSITIVE>
                <LEDGERFROMITEM>No</LEDGERFROMITEM><LEDGERNAME>Card Payment</LEDGERNAME>
                <AMOUNT>-514</AMOUNT>
     <BILLALLOCATIONS.LIST>
                    <NAME>DIN202400332</NAME>
                    <BILLTYPE>New Ref</BILLTYPE>
                    <BILLCREDITPERIOD/>
                    <AMOUNT>-514
                    </AMOUNT>
                </BILLALLOCATIONS.LIST>
                 </ALLLEDGERENTRIES.LIST>
       <ALLLEDGERENTRIES.LIST>
                <REMOVEZEROENTRIES>No</REMOVEZEROENTRIES>
                <ISDEEMEDPOSITIVE>Yes</ISDEEMEDPOSITIVE>
                <LEDGERFROMITEM>No</LEDGERFROMITEM><BILLALLOCATIONS.LIST>
                    <NAME>DIN202400332</NAME>
                    <BILLTYPE>New Ref</BILLTYPE>
                    <BILLCREDITPERIOD/>
                    <AMOUNT>-514
                    </AMOUNT>
                </BILLALLOCATIONS.LIST>
            </ALLLEDGERENTRIES.LIST>


        

   <ALLLEDGERENTRIES.LIST>
                <REMOVEZEROENTRIES>No</REMOVEZEROENTRIES>
                <ISDEEMEDPOSITIVE>No</ISDEEMEDPOSITIVE>
                <LEDGERFROMITEM>No</LEDGERFROMITEM>
                <LEDGERNAME>Food @5%</LEDGERNAME>
                <AMOUNT>490</AMOUNT>
            </ALLLEDGERENTRIES.LIST>
            <ALLLEDGERENTRIES.LIST>
                <REMOVEZEROENTRIES>No</REMOVEZEROENTRIES>
                <ISDEEMEDPOSITIVE>No</ISDEEMEDPOSITIVE>
                <LEDGERFROMITEM>No</LEDGERFROMITEM>
                <LEDGERNAME>CGST@2.5%</LEDGERNAME>
                <AMOUNT>12</AMOUNT>
            </ALLLEDGERENTRIES.LIST>
            <ALLLEDGERENTRIES.LIST>
                <REMOVEZEROENTRIES>No</REMOVEZEROENTRIES>
                <ISDEEMEDPOSITIVE>No</ISDEEMEDPOSITIVE>
                <LEDGERFROMITEM>No</LEDGERFROMITEM>
                <LEDGERNAME>SGST@2.5%</LEDGERNAME>
                <AMOUNT>12</AMOUNT>
            </ALLLEDGERENTRIES.LIST>
        
    </VOUCHER>
</TALLYMESSAGE>
<TALLYMESSAGE xmlns:UDF="TallyUDF">
    <VOUCHER VCHTYPE="Counter Sales" ACTION="Create">
        <ISOPTIONAL>No</ISOPTIONAL>
        <USEFORGAINLOSS>No</USEFORGAINLOSS>
        <USEFORCOMPOUND>No</USEFORCOMPOUND>
        <VOUCHERTYPENAME>Counter Sales</VOUCHERTYPENAME>
        <DATE>02-11-2024</DATE>
        <EFFECTIVEDATE>02-11-2024</EFFECTIVEDATE>
        <ISCANCELLED>No</ISCANCELLED>
        <USETRACKINGNUMBER>No</USETRACKINGNUMBER>
        <ISPOSTDATED>No</ISPOSTDATED>
        <ISINVOICE>No</ISINVOICE>
        <DIFFACTUALQTY>No</DIFFACTUALQTY>
        <VOUCHERNUMBER>DIN202400333</VOUCHERNUMBER>
        <REFERENCE>DIN202400333</REFERENCE>
        <PARTYLEDGERNAME></PARTYLEDGERNAME>
      <NARRATION>DIN202400333 GUEST NAME:SUJU ALEX</NARRATION>

        <UDF:HARYANAVAT.LIST DESC="`HARYANAVAT`"></UDF:HARYANAVAT.LIST><ALLLEDGERENTRIES.LIST>
                <REMOVEZEROENTRIES>No</REMOVEZEROENTRIES>
                <ISDEEMEDPOSITIVE>Yes</ISDEEMEDPOSITIVE>
                <LEDGERFROMITEM>No</LEDGERFROMITEM><LEDGERNAME>CBI 5532547292</LEDGERNAME>
                <AMOUNT>-2000</AMOUNT>
     <BILLALLOCATIONS.LIST>
                    <NAME>DIN202400333</NAME>
                    <BILLTYPE>New Ref</BILLTYPE>
                    <BILLCREDITPERIOD/>
                    <AMOUNT>-2000
                    </AMOUNT>
                </BILLALLOCATIONS.LIST>
                 </ALLLEDGERENTRIES.LIST>
       <ALLLEDGERENTRIES.LIST>
                <REMOVEZEROENTRIES>No</REMOVEZEROENTRIES>
                <ISDEEMEDPOSITIVE>Yes</ISDEEMEDPOSITIVE>
                <LEDGERFROMITEM>No</LEDGERFROMITEM><BILLALLOCATIONS.LIST>
                    <NAME>DIN202400333</NAME>
                    <BILLTYPE>New Ref</BILLTYPE>
                    <BILLCREDITPERIOD/>
                    <AMOUNT>-2000
                    </AMOUNT>
                </BILLALLOCATIONS.LIST>
            </ALLLEDGERENTRIES.LIST>


        

   <ALLLEDGERENTRIES.LIST>
                <REMOVEZEROENTRIES>No</REMOVEZEROENTRIES>
                <ISDEEMEDPOSITIVE>No</ISDEEMEDPOSITIVE>
                <LEDGERFROMITEM>No</LEDGERFROMITEM>
                <LEDGERNAME>Food @5%</LEDGERNAME>
                <AMOUNT>1904</AMOUNT>
            </ALLLEDGERENTRIES.LIST>
            <ALLLEDGERENTRIES.LIST>
                <REMOVEZEROENTRIES>No</REMOVEZEROENTRIES>
                <ISDEEMEDPOSITIVE>No</ISDEEMEDPOSITIVE>
                <LEDGERFROMITEM>No</LEDGERFROMITEM>
                <LEDGERNAME>CGST@2.5%</LEDGERNAME>
                <AMOUNT>48</AMOUNT>
            </ALLLEDGERENTRIES.LIST>
            <ALLLEDGERENTRIES.LIST>
                <REMOVEZEROENTRIES>No</REMOVEZEROENTRIES>
                <ISDEEMEDPOSITIVE>No</ISDEEMEDPOSITIVE>
                <LEDGERFROMITEM>No</LEDGERFROMITEM>
                <LEDGERNAME>SGST@2.5%</LEDGERNAME>
                <AMOUNT>48</AMOUNT>
            </ALLLEDGERENTRIES.LIST>
        
    </VOUCHER>
</TALLYMESSAGE>
<TALLYMESSAGE xmlns:UDF="TallyUDF">
    <VOUCHER VCHTYPE="Counter Sales" ACTION="Create">
        <ISOPTIONAL>No</ISOPTIONAL>
        <USEFORGAINLOSS>No</USEFORGAINLOSS>
        <USEFORCOMPOUND>No</USEFORCOMPOUND>
        <VOUCHERTYPENAME>Counter Sales</VOUCHERTYPENAME>
        <DATE>02-11-2024</DATE>
        <EFFECTIVEDATE>02-11-2024</EFFECTIVEDATE>
        <ISCANCELLED>No</ISCANCELLED>
        <USETRACKINGNUMBER>No</USETRACKINGNUMBER>
        <ISPOSTDATED>No</ISPOSTDATED>
        <ISINVOICE>No</ISINVOICE>
        <DIFFACTUALQTY>No</DIFFACTUALQTY>
        <VOUCHERNUMBER>DIN202400334</VOUCHERNUMBER>
        <REFERENCE>DIN202400334</REFERENCE>
        <PARTYLEDGERNAME></PARTYLEDGERNAME>
      <NARRATION>DIN202400334 GUEST NAME:Ryan Educational Society </NARRATION>

        <UDF:HARYANAVAT.LIST DESC="`HARYANAVAT`"></UDF:HARYANAVAT.LIST><ALLLEDGERENTRIES.LIST>
                <REMOVEZEROENTRIES>No</REMOVEZEROENTRIES>
                <ISDEEMEDPOSITIVE>Yes</ISDEEMEDPOSITIVE>
                <LEDGERFROMITEM>No</LEDGERFROMITEM><LEDGERNAME>Ryan Educational Society </LEDGERNAME>
                <AMOUNT>-106890</AMOUNT>
     <BILLALLOCATIONS.LIST>
                    <NAME>DIN202400334</NAME>
                    <BILLTYPE>New Ref</BILLTYPE>
                    <BILLCREDITPERIOD/>
                    <AMOUNT>-106890
                    </AMOUNT>
                </BILLALLOCATIONS.LIST>
                 </ALLLEDGERENTRIES.LIST>
       <ALLLEDGERENTRIES.LIST>
                <REMOVEZEROENTRIES>No</REMOVEZEROENTRIES>
                <ISDEEMEDPOSITIVE>Yes</ISDEEMEDPOSITIVE>
                <LEDGERFROMITEM>No</LEDGERFROMITEM><BILLALLOCATIONS.LIST>
                    <NAME>DIN202400334</NAME>
                    <BILLTYPE>New Ref</BILLTYPE>
                    <BILLCREDITPERIOD/>
                    <AMOUNT>-106890
                    </AMOUNT>
                </BILLALLOCATIONS.LIST>
            </ALLLEDGERENTRIES.LIST>


        

   <ALLLEDGERENTRIES.LIST>
                <REMOVEZEROENTRIES>No</REMOVEZEROENTRIES>
                <ISDEEMEDPOSITIVE>No</ISDEEMEDPOSITIVE>
                <LEDGERFROMITEM>No</LEDGERFROMITEM>
                <LEDGERNAME>Food @5%</LEDGERNAME>
                <AMOUNT>101800</AMOUNT>
            </ALLLEDGERENTRIES.LIST>
            <ALLLEDGERENTRIES.LIST>
                <REMOVEZEROENTRIES>No</REMOVEZEROENTRIES>
                <ISDEEMEDPOSITIVE>No</ISDEEMEDPOSITIVE>
                <LEDGERFROMITEM>No</LEDGERFROMITEM>
                <LEDGERNAME>CGST@2.5%</LEDGERNAME>
                <AMOUNT>2545</AMOUNT>
            </ALLLEDGERENTRIES.LIST>
            <ALLLEDGERENTRIES.LIST>
                <REMOVEZEROENTRIES>No</REMOVEZEROENTRIES>
                <ISDEEMEDPOSITIVE>No</ISDEEMEDPOSITIVE>
                <LEDGERFROMITEM>No</LEDGERFROMITEM>
                <LEDGERNAME>SGST@2.5%</LEDGERNAME>
                <AMOUNT>2545</AMOUNT>
            </ALLLEDGERENTRIES.LIST>
        
    </VOUCHER>
</TALLYMESSAGE>
<TALLYMESSAGE xmlns:UDF="TallyUDF">
    <VOUCHER VCHTYPE="Counter Sales" ACTION="Create">
        <ISOPTIONAL>No</ISOPTIONAL>
        <USEFORGAINLOSS>No</USEFORGAINLOSS>
        <USEFORCOMPOUND>No</USEFORCOMPOUND>
        <VOUCHERTYPENAME>Counter Sales</VOUCHERTYPENAME>
        <DATE>03-11-2024</DATE>
        <EFFECTIVEDATE>03-11-2024</EFFECTIVEDATE>
        <ISCANCELLED>No</ISCANCELLED>
        <USETRACKINGNUMBER>No</USETRACKINGNUMBER>
        <ISPOSTDATED>No</ISPOSTDATED>
        <ISINVOICE>No</ISINVOICE>
        <DIFFACTUALQTY>No</DIFFACTUALQTY>
        <VOUCHERNUMBER>DIN202400335</VOUCHERNUMBER>
        <REFERENCE>DIN202400335</REFERENCE>
        <PARTYLEDGERNAME></PARTYLEDGERNAME>
      <NARRATION>DIN202400335 GUEST NAME:102,103,104,107,108,109,110,111</NARRATION>

        <UDF:HARYANAVAT.LIST DESC="`HARYANAVAT`"></UDF:HARYANAVAT.LIST><ALLLEDGERENTRIES.LIST>
                <REMOVEZEROENTRIES>No</REMOVEZEROENTRIES>
                <ISDEEMEDPOSITIVE>Yes</ISDEEMEDPOSITIVE>
                <LEDGERFROMITEM>No</LEDGERFROMITEM><LEDGERNAME>Cash</LEDGERNAME>
                <AMOUNT>-4096</AMOUNT>
     <BILLALLOCATIONS.LIST>
                    <NAME>DIN202400335</NAME>
                    <BILLTYPE>New Ref</BILLTYPE>
                    <BILLCREDITPERIOD/>
                    <AMOUNT>-4096
                    </AMOUNT>
                </BILLALLOCATIONS.LIST>
                 </ALLLEDGERENTRIES.LIST>
       <ALLLEDGERENTRIES.LIST>
                <REMOVEZEROENTRIES>No</REMOVEZEROENTRIES>
                <ISDEEMEDPOSITIVE>Yes</ISDEEMEDPOSITIVE>
                <LEDGERFROMITEM>No</LEDGERFROMITEM><BILLALLOCATIONS.LIST>
                    <NAME>DIN202400335</NAME>
                    <BILLTYPE>New Ref</BILLTYPE>
                    <BILLCREDITPERIOD/>
                    <AMOUNT>-4096
                    </AMOUNT>
                </BILLALLOCATIONS.LIST>
            </ALLLEDGERENTRIES.LIST>


        

   <ALLLEDGERENTRIES.LIST>
                <REMOVEZEROENTRIES>No</REMOVEZEROENTRIES>
                <ISDEEMEDPOSITIVE>No</ISDEEMEDPOSITIVE>
                <LEDGERFROMITEM>No</LEDGERFROMITEM>
                <LEDGERNAME>Food @5%</LEDGERNAME>
                <AMOUNT>3900</AMOUNT>
            </ALLLEDGERENTRIES.LIST>
            <ALLLEDGERENTRIES.LIST>
                <REMOVEZEROENTRIES>No</REMOVEZEROENTRIES>
                <ISDEEMEDPOSITIVE>No</ISDEEMEDPOSITIVE>
                <LEDGERFROMITEM>No</LEDGERFROMITEM>
                <LEDGERNAME>CGST@2.5%</LEDGERNAME>
                <AMOUNT>98</AMOUNT>
            </ALLLEDGERENTRIES.LIST>
            <ALLLEDGERENTRIES.LIST>
                <REMOVEZEROENTRIES>No</REMOVEZEROENTRIES>
                <ISDEEMEDPOSITIVE>No</ISDEEMEDPOSITIVE>
                <LEDGERFROMITEM>No</LEDGERFROMITEM>
                <LEDGERNAME>SGST@2.5%</LEDGERNAME>
                <AMOUNT>98</AMOUNT>
            </ALLLEDGERENTRIES.LIST>
        
    </VOUCHER>
</TALLYMESSAGE>
<TALLYMESSAGE xmlns:UDF="TallyUDF">
    <VOUCHER VCHTYPE="Counter Sales" ACTION="Create">
        <ISOPTIONAL>No</ISOPTIONAL>
        <USEFORGAINLOSS>No</USEFORGAINLOSS>
        <USEFORCOMPOUND>No</USEFORCOMPOUND>
        <VOUCHERTYPENAME>Counter Sales</VOUCHERTYPENAME>
        <DATE>06-11-2024</DATE>
        <EFFECTIVEDATE>06-11-2024</EFFECTIVEDATE>
        <ISCANCELLED>No</ISCANCELLED>
        <USETRACKINGNUMBER>No</USETRACKINGNUMBER>
        <ISPOSTDATED>No</ISPOSTDATED>
        <ISINVOICE>No</ISINVOICE>
        <DIFFACTUALQTY>No</DIFFACTUALQTY>
        <VOUCHERNUMBER>DIN202400336</VOUCHERNUMBER>
        <REFERENCE>DIN202400336</REFERENCE>
        <PARTYLEDGERNAME></PARTYLEDGERNAME>
      <NARRATION>DIN202400336 GUEST NAME:Mr frank k k</NARRATION>

        <UDF:HARYANAVAT.LIST DESC="`HARYANAVAT`"></UDF:HARYANAVAT.LIST><ALLLEDGERENTRIES.LIST>
                <REMOVEZEROENTRIES>No</REMOVEZEROENTRIES>
                <ISDEEMEDPOSITIVE>Yes</ISDEEMEDPOSITIVE>
                <LEDGERFROMITEM>No</LEDGERFROMITEM><LEDGERNAME>Cash</LEDGERNAME>
                <AMOUNT>-10004</AMOUNT>
     <BILLALLOCATIONS.LIST>
                    <NAME>DIN202400336</NAME>
                    <BILLTYPE>New Ref</BILLTYPE>
                    <BILLCREDITPERIOD/>
                    <AMOUNT>-10004
                    </AMOUNT>
                </BILLALLOCATIONS.LIST>
                 </ALLLEDGERENTRIES.LIST>
       <ALLLEDGERENTRIES.LIST>
                <REMOVEZEROENTRIES>No</REMOVEZEROENTRIES>
                <ISDEEMEDPOSITIVE>Yes</ISDEEMEDPOSITIVE>
                <LEDGERFROMITEM>No</LEDGERFROMITEM><BILLALLOCATIONS.LIST>
                    <NAME>DIN202400336</NAME>
                    <BILLTYPE>New Ref</BILLTYPE>
                    <BILLCREDITPERIOD/>
                    <AMOUNT>-10004
                    </AMOUNT>
                </BILLALLOCATIONS.LIST>
            </ALLLEDGERENTRIES.LIST>


        

   <ALLLEDGERENTRIES.LIST>
                <REMOVEZEROENTRIES>No</REMOVEZEROENTRIES>
                <ISDEEMEDPOSITIVE>No</ISDEEMEDPOSITIVE>
                <LEDGERFROMITEM>No</LEDGERFROMITEM>
                <LEDGERNAME>Food @5%</LEDGERNAME>
                <AMOUNT>9528</AMOUNT>
            </ALLLEDGERENTRIES.LIST>
            <ALLLEDGERENTRIES.LIST>
                <REMOVEZEROENTRIES>No</REMOVEZEROENTRIES>
                <ISDEEMEDPOSITIVE>No</ISDEEMEDPOSITIVE>
                <LEDGERFROMITEM>No</LEDGERFROMITEM>
                <LEDGERNAME>CGST@2.5%</LEDGERNAME>
                <AMOUNT>238</AMOUNT>
            </ALLLEDGERENTRIES.LIST>
            <ALLLEDGERENTRIES.LIST>
                <REMOVEZEROENTRIES>No</REMOVEZEROENTRIES>
                <ISDEEMEDPOSITIVE>No</ISDEEMEDPOSITIVE>
                <LEDGERFROMITEM>No</LEDGERFROMITEM>
                <LEDGERNAME>SGST@2.5%</LEDGERNAME>
                <AMOUNT>238</AMOUNT>
            </ALLLEDGERENTRIES.LIST>
        
    </VOUCHER>
</TALLYMESSAGE>
<TALLYMESSAGE xmlns:UDF="TallyUDF">
    <VOUCHER VCHTYPE="Counter Sales" ACTION="Create">
        <ISOPTIONAL>No</ISOPTIONAL>
        <USEFORGAINLOSS>No</USEFORGAINLOSS>
        <USEFORCOMPOUND>No</USEFORCOMPOUND>
        <VOUCHERTYPENAME>Counter Sales</VOUCHERTYPENAME>
        <DATE>08-11-2024</DATE>
        <EFFECTIVEDATE>08-11-2024</EFFECTIVEDATE>
        <ISCANCELLED>No</ISCANCELLED>
        <USETRACKINGNUMBER>No</USETRACKINGNUMBER>
        <ISPOSTDATED>No</ISPOSTDATED>
        <ISINVOICE>No</ISINVOICE>
        <DIFFACTUALQTY>No</DIFFACTUALQTY>
        <VOUCHERNUMBER>DIN202400337</VOUCHERNUMBER>
        <REFERENCE>DIN202400337</REFERENCE>
        <PARTYLEDGERNAME></PARTYLEDGERNAME>
      <NARRATION>DIN202400337 GUEST NAME:Prince Kumar </NARRATION>

        <UDF:HARYANAVAT.LIST DESC="`HARYANAVAT`"></UDF:HARYANAVAT.LIST><ALLLEDGERENTRIES.LIST>
                <REMOVEZEROENTRIES>No</REMOVEZEROENTRIES>
                <ISDEEMEDPOSITIVE>Yes</ISDEEMEDPOSITIVE>
                <LEDGERFROMITEM>No</LEDGERFROMITEM><LEDGERNAME>Prince Kumar </LEDGERNAME>
                <AMOUNT>-2992</AMOUNT>
     <BILLALLOCATIONS.LIST>
                    <NAME>DIN202400337</NAME>
                    <BILLTYPE>New Ref</BILLTYPE>
                    <BILLCREDITPERIOD/>
                    <AMOUNT>-2992
                    </AMOUNT>
                </BILLALLOCATIONS.LIST>
                 </ALLLEDGERENTRIES.LIST>
       <ALLLEDGERENTRIES.LIST>
                <REMOVEZEROENTRIES>No</REMOVEZEROENTRIES>
                <ISDEEMEDPOSITIVE>Yes</ISDEEMEDPOSITIVE>
                <LEDGERFROMITEM>No</LEDGERFROMITEM><BILLALLOCATIONS.LIST>
                    <NAME>DIN202400337</NAME>
                    <BILLTYPE>New Ref</BILLTYPE>
                    <BILLCREDITPERIOD/>
                    <AMOUNT>-2992
                    </AMOUNT>
                </BILLALLOCATIONS.LIST>
            </ALLLEDGERENTRIES.LIST>


        

   <ALLLEDGERENTRIES.LIST>
                <REMOVEZEROENTRIES>No</REMOVEZEROENTRIES>
                <ISDEEMEDPOSITIVE>No</ISDEEMEDPOSITIVE>
                <LEDGERFROMITEM>No</LEDGERFROMITEM>
                <LEDGERNAME>Food @5%</LEDGERNAME>
                <AMOUNT>2850</AMOUNT>
            </ALLLEDGERENTRIES.LIST>
            <ALLLEDGERENTRIES.LIST>
                <REMOVEZEROENTRIES>No</REMOVEZEROENTRIES>
                <ISDEEMEDPOSITIVE>No</ISDEEMEDPOSITIVE>
                <LEDGERFROMITEM>No</LEDGERFROMITEM>
                <LEDGERNAME>CGST@2.5%</LEDGERNAME>
                <AMOUNT>71</AMOUNT>
            </ALLLEDGERENTRIES.LIST>
            <ALLLEDGERENTRIES.LIST>
                <REMOVEZEROENTRIES>No</REMOVEZEROENTRIES>
                <ISDEEMEDPOSITIVE>No</ISDEEMEDPOSITIVE>
                <LEDGERFROMITEM>No</LEDGERFROMITEM>
                <LEDGERNAME>SGST@2.5%</LEDGERNAME>
                <AMOUNT>71</AMOUNT>
            </ALLLEDGERENTRIES.LIST>
        
    </VOUCHER>
</TALLYMESSAGE>
<TALLYMESSAGE xmlns:UDF="TallyUDF">
    <VOUCHER VCHTYPE="Counter Sales" ACTION="Create">
        <ISOPTIONAL>No</ISOPTIONAL>
        <USEFORGAINLOSS>No</USEFORGAINLOSS>
        <USEFORCOMPOUND>No</USEFORCOMPOUND>
        <VOUCHERTYPENAME>Counter Sales</VOUCHERTYPENAME>
        <DATE>09-11-2024</DATE>
        <EFFECTIVEDATE>09-11-2024</EFFECTIVEDATE>
        <ISCANCELLED>No</ISCANCELLED>
        <USETRACKINGNUMBER>No</USETRACKINGNUMBER>
        <ISPOSTDATED>No</ISPOSTDATED>
        <ISINVOICE>No</ISINVOICE>
        <DIFFACTUALQTY>No</DIFFACTUALQTY>
        <VOUCHERNUMBER>DIN202400338</VOUCHERNUMBER>
        <REFERENCE>DIN202400338</REFERENCE>
        <PARTYLEDGERNAME></PARTYLEDGERNAME>
      <NARRATION>DIN202400338 GUEST NAME:Sathiya Raj T</NARRATION>

        <UDF:HARYANAVAT.LIST DESC="`HARYANAVAT`"></UDF:HARYANAVAT.LIST><ALLLEDGERENTRIES.LIST>
                <REMOVEZEROENTRIES>No</REMOVEZEROENTRIES>
                <ISDEEMEDPOSITIVE>Yes</ISDEEMEDPOSITIVE>
                <LEDGERFROMITEM>No</LEDGERFROMITEM><LEDGERNAME>Cash</LEDGERNAME>
                <AMOUNT>-14084</AMOUNT>
     <BILLALLOCATIONS.LIST>
                    <NAME>DIN202400338</NAME>
                    <BILLTYPE>New Ref</BILLTYPE>
                    <BILLCREDITPERIOD/>
                    <AMOUNT>-14084
                    </AMOUNT>
                </BILLALLOCATIONS.LIST>
                 </ALLLEDGERENTRIES.LIST>
       <ALLLEDGERENTRIES.LIST>
                <REMOVEZEROENTRIES>No</REMOVEZEROENTRIES>
                <ISDEEMEDPOSITIVE>Yes</ISDEEMEDPOSITIVE>
                <LEDGERFROMITEM>No</LEDGERFROMITEM><BILLALLOCATIONS.LIST>
                    <NAME>DIN202400338</NAME>
                    <BILLTYPE>New Ref</BILLTYPE>
                    <BILLCREDITPERIOD/>
                    <AMOUNT>-14084
                    </AMOUNT>
                </BILLALLOCATIONS.LIST>
            </ALLLEDGERENTRIES.LIST>


        

   <ALLLEDGERENTRIES.LIST>
                <REMOVEZEROENTRIES>No</REMOVEZEROENTRIES>
                <ISDEEMEDPOSITIVE>No</ISDEEMEDPOSITIVE>
                <LEDGERFROMITEM>No</LEDGERFROMITEM>
                <LEDGERNAME>Food @5%</LEDGERNAME>
                <AMOUNT>13414</AMOUNT>
            </ALLLEDGERENTRIES.LIST>
            <ALLLEDGERENTRIES.LIST>
                <REMOVEZEROENTRIES>No</REMOVEZEROENTRIES>
                <ISDEEMEDPOSITIVE>No</ISDEEMEDPOSITIVE>
                <LEDGERFROMITEM>No</LEDGERFROMITEM>
                <LEDGERNAME>CGST@2.5%</LEDGERNAME>
                <AMOUNT>335</AMOUNT>
            </ALLLEDGERENTRIES.LIST>
            <ALLLEDGERENTRIES.LIST>
                <REMOVEZEROENTRIES>No</REMOVEZEROENTRIES>
                <ISDEEMEDPOSITIVE>No</ISDEEMEDPOSITIVE>
                <LEDGERFROMITEM>No</LEDGERFROMITEM>
                <LEDGERNAME>SGST@2.5%</LEDGERNAME>
                <AMOUNT>335</AMOUNT>
            </ALLLEDGERENTRIES.LIST>
        
    </VOUCHER>
</TALLYMESSAGE>
<TALLYMESSAGE xmlns:UDF="TallyUDF">
    <VOUCHER VCHTYPE="Counter Sales" ACTION="Create">
        <ISOPTIONAL>No</ISOPTIONAL>
        <USEFORGAINLOSS>No</USEFORGAINLOSS>
        <USEFORCOMPOUND>No</USEFORCOMPOUND>
        <VOUCHERTYPENAME>Counter Sales</VOUCHERTYPENAME>
        <DATE>09-11-2024</DATE>
        <EFFECTIVEDATE>09-11-2024</EFFECTIVEDATE>
        <ISCANCELLED>No</ISCANCELLED>
        <USETRACKINGNUMBER>No</USETRACKINGNUMBER>
        <ISPOSTDATED>No</ISPOSTDATED>
        <ISINVOICE>No</ISINVOICE>
        <DIFFACTUALQTY>No</DIFFACTUALQTY>
        <VOUCHERNUMBER>DIN202400339</VOUCHERNUMBER>
        <REFERENCE>DIN202400339</REFERENCE>
        <PARTYLEDGERNAME></PARTYLEDGERNAME>
      <NARRATION>DIN202400339 GUEST NAME:YOUTH WITH A MISSION</NARRATION>

        <UDF:HARYANAVAT.LIST DESC="`HARYANAVAT`"></UDF:HARYANAVAT.LIST><ALLLEDGERENTRIES.LIST>
                <REMOVEZEROENTRIES>No</REMOVEZEROENTRIES>
                <ISDEEMEDPOSITIVE>Yes</ISDEEMEDPOSITIVE>
                <LEDGERFROMITEM>No</LEDGERFROMITEM><LEDGERNAME>Cash</LEDGERNAME>
                <AMOUNT>-210</AMOUNT>
     <BILLALLOCATIONS.LIST>
                    <NAME>DIN202400339</NAME>
                    <BILLTYPE>New Ref</BILLTYPE>
                    <BILLCREDITPERIOD/>
                    <AMOUNT>-210
                    </AMOUNT>
                </BILLALLOCATIONS.LIST>
                 </ALLLEDGERENTRIES.LIST>
       <ALLLEDGERENTRIES.LIST>
                <REMOVEZEROENTRIES>No</REMOVEZEROENTRIES>
                <ISDEEMEDPOSITIVE>Yes</ISDEEMEDPOSITIVE>
                <LEDGERFROMITEM>No</LEDGERFROMITEM><BILLALLOCATIONS.LIST>
                    <NAME>DIN202400339</NAME>
                    <BILLTYPE>New Ref</BILLTYPE>
                    <BILLCREDITPERIOD/>
                    <AMOUNT>-210
                    </AMOUNT>
                </BILLALLOCATIONS.LIST>
            </ALLLEDGERENTRIES.LIST>


        

   <ALLLEDGERENTRIES.LIST>
                <REMOVEZEROENTRIES>No</REMOVEZEROENTRIES>
                <ISDEEMEDPOSITIVE>No</ISDEEMEDPOSITIVE>
                <LEDGERFROMITEM>No</LEDGERFROMITEM>
                <LEDGERNAME>Food @5%</LEDGERNAME>
                <AMOUNT>200</AMOUNT>
            </ALLLEDGERENTRIES.LIST>
            <ALLLEDGERENTRIES.LIST>
                <REMOVEZEROENTRIES>No</REMOVEZEROENTRIES>
                <ISDEEMEDPOSITIVE>No</ISDEEMEDPOSITIVE>
                <LEDGERFROMITEM>No</LEDGERFROMITEM>
                <LEDGERNAME>CGST@2.5%</LEDGERNAME>
                <AMOUNT>5</AMOUNT>
            </ALLLEDGERENTRIES.LIST>
            <ALLLEDGERENTRIES.LIST>
                <REMOVEZEROENTRIES>No</REMOVEZEROENTRIES>
                <ISDEEMEDPOSITIVE>No</ISDEEMEDPOSITIVE>
                <LEDGERFROMITEM>No</LEDGERFROMITEM>
                <LEDGERNAME>SGST@2.5%</LEDGERNAME>
                <AMOUNT>5</AMOUNT>
            </ALLLEDGERENTRIES.LIST>
        
    </VOUCHER>
</TALLYMESSAGE>
<TALLYMESSAGE xmlns:UDF="TallyUDF">
    <VOUCHER VCHTYPE="Counter Sales" ACTION="Create">
        <ISOPTIONAL>No</ISOPTIONAL>
        <USEFORGAINLOSS>No</USEFORGAINLOSS>
        <USEFORCOMPOUND>No</USEFORCOMPOUND>
        <VOUCHERTYPENAME>Counter Sales</VOUCHERTYPENAME>
        <DATE>11-11-2024</DATE>
        <EFFECTIVEDATE>11-11-2024</EFFECTIVEDATE>
        <ISCANCELLED>No</ISCANCELLED>
        <USETRACKINGNUMBER>No</USETRACKINGNUMBER>
        <ISPOSTDATED>No</ISPOSTDATED>
        <ISINVOICE>No</ISINVOICE>
        <DIFFACTUALQTY>No</DIFFACTUALQTY>
        <VOUCHERNUMBER>DIN202400340</VOUCHERNUMBER>
        <REFERENCE>DIN202400340</REFERENCE>
        <PARTYLEDGERNAME></PARTYLEDGERNAME>
      <NARRATION>DIN202400340 GUEST NAME:Antony Sekar</NARRATION>

        <UDF:HARYANAVAT.LIST DESC="`HARYANAVAT`"></UDF:HARYANAVAT.LIST><ALLLEDGERENTRIES.LIST>
                <REMOVEZEROENTRIES>No</REMOVEZEROENTRIES>
                <ISDEEMEDPOSITIVE>Yes</ISDEEMEDPOSITIVE>
                <LEDGERFROMITEM>No</LEDGERFROMITEM><LEDGERNAME>Cash</LEDGERNAME>
                <AMOUNT>-5764</AMOUNT>
     <BILLALLOCATIONS.LIST>
                    <NAME>DIN202400340</NAME>
                    <BILLTYPE>New Ref</BILLTYPE>
                    <BILLCREDITPERIOD/>
                    <AMOUNT>-5764
                    </AMOUNT>
                </BILLALLOCATIONS.LIST>
                 </ALLLEDGERENTRIES.LIST>
       <ALLLEDGERENTRIES.LIST>
                <REMOVEZEROENTRIES>No</REMOVEZEROENTRIES>
                <ISDEEMEDPOSITIVE>Yes</ISDEEMEDPOSITIVE>
                <LEDGERFROMITEM>No</LEDGERFROMITEM><BILLALLOCATIONS.LIST>
                    <NAME>DIN202400340</NAME>
                    <BILLTYPE>New Ref</BILLTYPE>
                    <BILLCREDITPERIOD/>
                    <AMOUNT>-5764
                    </AMOUNT>
                </BILLALLOCATIONS.LIST>
            </ALLLEDGERENTRIES.LIST>


        

   <ALLLEDGERENTRIES.LIST>
                <REMOVEZEROENTRIES>No</REMOVEZEROENTRIES>
                <ISDEEMEDPOSITIVE>No</ISDEEMEDPOSITIVE>
                <LEDGERFROMITEM>No</LEDGERFROMITEM>
                <LEDGERNAME>Food @5%</LEDGERNAME>
                <AMOUNT>5490</AMOUNT>
            </ALLLEDGERENTRIES.LIST>
            <ALLLEDGERENTRIES.LIST>
                <REMOVEZEROENTRIES>No</REMOVEZEROENTRIES>
                <ISDEEMEDPOSITIVE>No</ISDEEMEDPOSITIVE>
                <LEDGERFROMITEM>No</LEDGERFROMITEM>
                <LEDGERNAME>CGST@2.5%</LEDGERNAME>
                <AMOUNT>137</AMOUNT>
            </ALLLEDGERENTRIES.LIST>
            <ALLLEDGERENTRIES.LIST>
                <REMOVEZEROENTRIES>No</REMOVEZEROENTRIES>
                <ISDEEMEDPOSITIVE>No</ISDEEMEDPOSITIVE>
                <LEDGERFROMITEM>No</LEDGERFROMITEM>
                <LEDGERNAME>SGST@2.5%</LEDGERNAME>
                <AMOUNT>137</AMOUNT>
            </ALLLEDGERENTRIES.LIST>
        
    </VOUCHER>
</TALLYMESSAGE>
<TALLYMESSAGE xmlns:UDF="TallyUDF">
    <VOUCHER VCHTYPE="Counter Sales" ACTION="Create">
        <ISOPTIONAL>No</ISOPTIONAL>
        <USEFORGAINLOSS>No</USEFORGAINLOSS>
        <USEFORCOMPOUND>No</USEFORCOMPOUND>
        <VOUCHERTYPENAME>Counter Sales</VOUCHERTYPENAME>
        <DATE>11-11-2024</DATE>
        <EFFECTIVEDATE>11-11-2024</EFFECTIVEDATE>
        <ISCANCELLED>No</ISCANCELLED>
        <USETRACKINGNUMBER>No</USETRACKINGNUMBER>
        <ISPOSTDATED>No</ISPOSTDATED>
        <ISINVOICE>No</ISINVOICE>
        <DIFFACTUALQTY>No</DIFFACTUALQTY>
        <VOUCHERNUMBER>DIN202400341</VOUCHERNUMBER>
        <REFERENCE>DIN202400341</REFERENCE>
        <PARTYLEDGERNAME></PARTYLEDGERNAME>
      <NARRATION>DIN202400341 GUEST NAME:ROBIN JOSEPH</NARRATION>

        <UDF:HARYANAVAT.LIST DESC="`HARYANAVAT`"></UDF:HARYANAVAT.LIST><ALLLEDGERENTRIES.LIST>
                <REMOVEZEROENTRIES>No</REMOVEZEROENTRIES>
                <ISDEEMEDPOSITIVE>Yes</ISDEEMEDPOSITIVE>
                <LEDGERFROMITEM>No</LEDGERFROMITEM><LEDGERNAME>CBI 5532547292</LEDGERNAME>
                <AMOUNT>-17000</AMOUNT>
     <BILLALLOCATIONS.LIST>
                    <NAME>DIN202400341</NAME>
                    <BILLTYPE>New Ref</BILLTYPE>
                    <BILLCREDITPERIOD/>
                    <AMOUNT>-17000
                    </AMOUNT>
                </BILLALLOCATIONS.LIST>
                 </ALLLEDGERENTRIES.LIST>
       <ALLLEDGERENTRIES.LIST>
                <REMOVEZEROENTRIES>No</REMOVEZEROENTRIES>
                <ISDEEMEDPOSITIVE>Yes</ISDEEMEDPOSITIVE>
                <LEDGERFROMITEM>No</LEDGERFROMITEM><BILLALLOCATIONS.LIST>
                    <NAME>DIN202400341</NAME>
                    <BILLTYPE>New Ref</BILLTYPE>
                    <BILLCREDITPERIOD/>
                    <AMOUNT>-17000
                    </AMOUNT>
                </BILLALLOCATIONS.LIST>
            </ALLLEDGERENTRIES.LIST>


        

   <ALLLEDGERENTRIES.LIST>
                <REMOVEZEROENTRIES>No</REMOVEZEROENTRIES>
                <ISDEEMEDPOSITIVE>No</ISDEEMEDPOSITIVE>
                <LEDGERFROMITEM>No</LEDGERFROMITEM>
                <LEDGERNAME>Food @5%</LEDGERNAME>
                <AMOUNT>16190</AMOUNT>
            </ALLLEDGERENTRIES.LIST>
            <ALLLEDGERENTRIES.LIST>
                <REMOVEZEROENTRIES>No</REMOVEZEROENTRIES>
                <ISDEEMEDPOSITIVE>No</ISDEEMEDPOSITIVE>
                <LEDGERFROMITEM>No</LEDGERFROMITEM>
                <LEDGERNAME>CGST@2.5%</LEDGERNAME>
                <AMOUNT>405</AMOUNT>
            </ALLLEDGERENTRIES.LIST>
            <ALLLEDGERENTRIES.LIST>
                <REMOVEZEROENTRIES>No</REMOVEZEROENTRIES>
                <ISDEEMEDPOSITIVE>No</ISDEEMEDPOSITIVE>
                <LEDGERFROMITEM>No</LEDGERFROMITEM>
                <LEDGERNAME>SGST@2.5%</LEDGERNAME>
                <AMOUNT>405</AMOUNT>
            </ALLLEDGERENTRIES.LIST>
        
    </VOUCHER>
</TALLYMESSAGE>
<TALLYMESSAGE xmlns:UDF="TallyUDF">
    <VOUCHER VCHTYPE="Counter Sales" ACTION="Create">
        <ISOPTIONAL>No</ISOPTIONAL>
        <USEFORGAINLOSS>No</USEFORGAINLOSS>
        <USEFORCOMPOUND>No</USEFORCOMPOUND>
        <VOUCHERTYPENAME>Counter Sales</VOUCHERTYPENAME>
        <DATE>15-11-2024</DATE>
        <EFFECTIVEDATE>15-11-2024</EFFECTIVEDATE>
        <ISCANCELLED>No</ISCANCELLED>
        <USETRACKINGNUMBER>No</USETRACKINGNUMBER>
        <ISPOSTDATED>No</ISPOSTDATED>
        <ISINVOICE>No</ISINVOICE>
        <DIFFACTUALQTY>No</DIFFACTUALQTY>
        <VOUCHERNUMBER>DIN202400342</VOUCHERNUMBER>
        <REFERENCE>DIN202400342</REFERENCE>
        <PARTYLEDGERNAME></PARTYLEDGERNAME>
      <NARRATION>DIN202400342 GUEST NAME:223,107,108,109</NARRATION>

        <UDF:HARYANAVAT.LIST DESC="`HARYANAVAT`"></UDF:HARYANAVAT.LIST><ALLLEDGERENTRIES.LIST>
                <REMOVEZEROENTRIES>No</REMOVEZEROENTRIES>
                <ISDEEMEDPOSITIVE>Yes</ISDEEMEDPOSITIVE>
                <LEDGERFROMITEM>No</LEDGERFROMITEM><LEDGERNAME>Cash</LEDGERNAME>
                <AMOUNT>-2730</AMOUNT>
     <BILLALLOCATIONS.LIST>
                    <NAME>DIN202400342</NAME>
                    <BILLTYPE>New Ref</BILLTYPE>
                    <BILLCREDITPERIOD/>
                    <AMOUNT>-2730
                    </AMOUNT>
                </BILLALLOCATIONS.LIST>
                 </ALLLEDGERENTRIES.LIST>
       <ALLLEDGERENTRIES.LIST>
                <REMOVEZEROENTRIES>No</REMOVEZEROENTRIES>
                <ISDEEMEDPOSITIVE>Yes</ISDEEMEDPOSITIVE>
                <LEDGERFROMITEM>No</LEDGERFROMITEM><BILLALLOCATIONS.LIST>
                    <NAME>DIN202400342</NAME>
                    <BILLTYPE>New Ref</BILLTYPE>
                    <BILLCREDITPERIOD/>
                    <AMOUNT>-2730
                    </AMOUNT>
                </BILLALLOCATIONS.LIST>
            </ALLLEDGERENTRIES.LIST>


        

   <ALLLEDGERENTRIES.LIST>
                <REMOVEZEROENTRIES>No</REMOVEZEROENTRIES>
                <ISDEEMEDPOSITIVE>No</ISDEEMEDPOSITIVE>
                <LEDGERFROMITEM>No</LEDGERFROMITEM>
                <LEDGERNAME>Food @5%</LEDGERNAME>
                <AMOUNT>2600</AMOUNT>
            </ALLLEDGERENTRIES.LIST>
            <ALLLEDGERENTRIES.LIST>
                <REMOVEZEROENTRIES>No</REMOVEZEROENTRIES>
                <ISDEEMEDPOSITIVE>No</ISDEEMEDPOSITIVE>
                <LEDGERFROMITEM>No</LEDGERFROMITEM>
                <LEDGERNAME>CGST@2.5%</LEDGERNAME>
                <AMOUNT>65</AMOUNT>
            </ALLLEDGERENTRIES.LIST>
            <ALLLEDGERENTRIES.LIST>
                <REMOVEZEROENTRIES>No</REMOVEZEROENTRIES>
                <ISDEEMEDPOSITIVE>No</ISDEEMEDPOSITIVE>
                <LEDGERFROMITEM>No</LEDGERFROMITEM>
                <LEDGERNAME>SGST@2.5%</LEDGERNAME>
                <AMOUNT>65</AMOUNT>
            </ALLLEDGERENTRIES.LIST>
        
    </VOUCHER>
</TALLYMESSAGE>
<TALLYMESSAGE xmlns:UDF="TallyUDF">
    <VOUCHER VCHTYPE="Counter Sales" ACTION="Create">
        <ISOPTIONAL>No</ISOPTIONAL>
        <USEFORGAINLOSS>No</USEFORGAINLOSS>
        <USEFORCOMPOUND>No</USEFORCOMPOUND>
        <VOUCHERTYPENAME>Counter Sales</VOUCHERTYPENAME>
        <DATE>15-11-2024</DATE>
        <EFFECTIVEDATE>15-11-2024</EFFECTIVEDATE>
        <ISCANCELLED>No</ISCANCELLED>
        <USETRACKINGNUMBER>No</USETRACKINGNUMBER>
        <ISPOSTDATED>No</ISPOSTDATED>
        <ISINVOICE>No</ISINVOICE>
        <DIFFACTUALQTY>No</DIFFACTUALQTY>
        <VOUCHERNUMBER>DIN202400343</VOUCHERNUMBER>
        <REFERENCE>DIN202400343</REFERENCE>
        <PARTYLEDGERNAME></PARTYLEDGERNAME>
      <NARRATION>DIN202400343 GUEST NAME:YOUTH WITH A MISSION</NARRATION>

        <UDF:HARYANAVAT.LIST DESC="`HARYANAVAT`"></UDF:HARYANAVAT.LIST><ALLLEDGERENTRIES.LIST>
                <REMOVEZEROENTRIES>No</REMOVEZEROENTRIES>
                <ISDEEMEDPOSITIVE>Yes</ISDEEMEDPOSITIVE>
                <LEDGERFROMITEM>No</LEDGERFROMITEM><LEDGERNAME>YOUTH WITH A MISSION</LEDGERNAME>
                <AMOUNT>-33000</AMOUNT>
     <BILLALLOCATIONS.LIST>
                    <NAME>DIN202400343</NAME>
                    <BILLTYPE>New Ref</BILLTYPE>
                    <BILLCREDITPERIOD/>
                    <AMOUNT>-33000
                    </AMOUNT>
                </BILLALLOCATIONS.LIST>
                 </ALLLEDGERENTRIES.LIST>
       <ALLLEDGERENTRIES.LIST>
                <REMOVEZEROENTRIES>No</REMOVEZEROENTRIES>
                <ISDEEMEDPOSITIVE>Yes</ISDEEMEDPOSITIVE>
                <LEDGERFROMITEM>No</LEDGERFROMITEM><BILLALLOCATIONS.LIST>
                    <NAME>DIN202400343</NAME>
                    <BILLTYPE>New Ref</BILLTYPE>
                    <BILLCREDITPERIOD/>
                    <AMOUNT>-33000
                    </AMOUNT>
                </BILLALLOCATIONS.LIST>
            </ALLLEDGERENTRIES.LIST>


        

   <ALLLEDGERENTRIES.LIST>
                <REMOVEZEROENTRIES>No</REMOVEZEROENTRIES>
                <ISDEEMEDPOSITIVE>No</ISDEEMEDPOSITIVE>
                <LEDGERFROMITEM>No</LEDGERFROMITEM>
                <LEDGERNAME>Food @5%</LEDGERNAME>
                <AMOUNT>31428</AMOUNT>
            </ALLLEDGERENTRIES.LIST>
            <ALLLEDGERENTRIES.LIST>
                <REMOVEZEROENTRIES>No</REMOVEZEROENTRIES>
                <ISDEEMEDPOSITIVE>No</ISDEEMEDPOSITIVE>
                <LEDGERFROMITEM>No</LEDGERFROMITEM>
                <LEDGERNAME>CGST@2.5%</LEDGERNAME>
                <AMOUNT>786</AMOUNT>
            </ALLLEDGERENTRIES.LIST>
            <ALLLEDGERENTRIES.LIST>
                <REMOVEZEROENTRIES>No</REMOVEZEROENTRIES>
                <ISDEEMEDPOSITIVE>No</ISDEEMEDPOSITIVE>
                <LEDGERFROMITEM>No</LEDGERFROMITEM>
                <LEDGERNAME>SGST@2.5%</LEDGERNAME>
                <AMOUNT>786</AMOUNT>
            </ALLLEDGERENTRIES.LIST>
        
    </VOUCHER>
</TALLYMESSAGE>
    <TALLYMESSAGE xmlns:UDF="TallyUDF">
        <VOUCHER VCHTYPE="Counter Sales" ACTION="Create">
            <ISOPTIONAL>No</ISOPTIONAL>
            <USEFORGAINLOSS>No</USEFORGAINLOSS>
            <USEFORCOMPOUND>No</USEFORCOMPOUND>
            <VOUCHERTYPENAME>Counter Sales</VOUCHERTYPENAME>
            <DATE>08/11/2024</DATE>
            <EFFECTIVEDATE>08/11/2024</EFFECTIVEDATE>
            <ISCANCELLED>No</ISCANCELLED>
            <USETRACKINGNUMBER>No</USETRACKINGNUMBER>
            <ISPOSTDATED>No</ISPOSTDATED>
            <ISINVOICE>No</ISINVOICE>
            <DIFFACTUALQTY>No</DIFFACTUALQTY>
            <VOUCHERNUMBER>BQT-02400032</VOUCHERNUMBER>
            <REFERENCE>BQT-02400032</REFERENCE>
            <PARTYLEDGERNAME></PARTYLEDGERNAME>
            <NARRATION>FO BILL: BQT-02400032 GUEST NAME: Ryan Educational Society ; Arr.Dt:07/11/2024; Dep.Dt:08/11/2024; Roomno: : Recpt#: BQT-02400032</NARRATION>
            <UDF:HARYANAVAT.LIST DESC="`HARYANAVAT`"></UDF:HARYANAVAT.LIST>
            <ALLLEDGERENTRIES.LIST>
                <REMOVEZEROENTRIES>No</REMOVEZEROENTRIES>
                <ISDEEMEDPOSITIVE>Yes</ISDEEMEDPOSITIVE>
                <LEDGERFROMITEM>No</LEDGERFROMITEM>
    </ALLLEDGERENTRIES.LIST>
     <ALLLEDGERENTRIES.LIST>
                <REMOVEZEROENTRIES>No</REMOVEZEROENTRIES>
                <ISDEEMEDPOSITIVE>Yes</ISDEEMEDPOSITIVE>
                <LEDGERFROMITEM>No</LEDGERFROMITEM><LEDGERNAME>Ryan Educational Society </LEDGERNAME>
                <AMOUNT>-35400.00</AMOUNT><BILLALLOCATIONS.LIST>
                    <NAME>BQT-02400032</NAME>
                    <BILLTYPE>New Ref</BILLTYPE>
                    <BILLCREDITPERIOD/>
                    <AMOUNT>-35400.00
                    </AMOUNT>
                </BILLALLOCATIONS.LIST>
            </ALLLEDGERENTRIES.LIST><ALLLEDGERENTRIES.LIST>
                <REMOVEZEROENTRIES>No</REMOVEZEROENTRIES>
                <ISDEEMEDPOSITIVE>No</ISDEEMEDPOSITIVE>
                <LEDGERFROMITEM>No</LEDGERFROMITEM>
                <LEDGERNAME>BANQUETS-RATE</LEDGERNAME>
                <AMOUNT>30000</AMOUNT>
            </ALLLEDGERENTRIES.LIST>
            <ALLLEDGERENTRIES.LIST>
                <REMOVEZEROENTRIES>No</REMOVEZEROENTRIES>
                <ISDEEMEDPOSITIVE>No</ISDEEMEDPOSITIVE>
                <LEDGERFROMITEM>No</LEDGERFROMITEM>
                <LEDGERNAME>CGST@9%</LEDGERNAME>
                <AMOUNT>2700</AMOUNT>
            </ALLLEDGERENTRIES.LIST>
            <ALLLEDGERENTRIES.LIST>
                <REMOVEZEROENTRIES>No</REMOVEZEROENTRIES>
                <ISDEEMEDPOSITIVE>No</ISDEEMEDPOSITIVE>
                <LEDGERFROMITEM>No</LEDGERFROMITEM>
                <LEDGERNAME>SGST@9%</LEDGERNAME>
                <AMOUNT>2700</AMOUNT>
            </ALLLEDGERENTRIES.LIST>
        </VOUCHER>
    </TALLYMESSAGE>
    <TALLYMESSAGE xmlns:UDF="TallyUDF">
        <VOUCHER VCHTYPE="Counter Sales" ACTION="Create">
            <ISOPTIONAL>No</ISOPTIONAL>
            <USEFORGAINLOSS>No</USEFORGAINLOSS>
            <USEFORCOMPOUND>No</USEFORCOMPOUND>
            <VOUCHERTYPENAME>Counter Sales</VOUCHERTYPENAME>
            <DATE>10/11/2024</DATE>
            <EFFECTIVEDATE>10/11/2024</EFFECTIVEDATE>
            <ISCANCELLED>No</ISCANCELLED>
            <USETRACKINGNUMBER>No</USETRACKINGNUMBER>
            <ISPOSTDATED>No</ISPOSTDATED>
            <ISINVOICE>No</ISINVOICE>
            <DIFFACTUALQTY>No</DIFFACTUALQTY>
            <VOUCHERNUMBER>BQT-02400033</VOUCHERNUMBER>
            <REFERENCE>BQT-02400033</REFERENCE>
            <PARTYLEDGERNAME></PARTYLEDGERNAME>
            <NARRATION>FO BILL: BQT-02400033 GUEST NAME: LOYOLA INTERNATIONAL SCHOOL; Arr.Dt:09/11/2024; Dep.Dt:10/11/2024; Roomno: : Recpt#: BQT-02400033</NARRATION>
            <UDF:HARYANAVAT.LIST DESC="`HARYANAVAT`"></UDF:HARYANAVAT.LIST>
            <ALLLEDGERENTRIES.LIST>
                <REMOVEZEROENTRIES>No</REMOVEZEROENTRIES>
                <ISDEEMEDPOSITIVE>Yes</ISDEEMEDPOSITIVE>
                <LEDGERFROMITEM>No</LEDGERFROMITEM>
    </ALLLEDGERENTRIES.LIST>
     <ALLLEDGERENTRIES.LIST>
                <REMOVEZEROENTRIES>No</REMOVEZEROENTRIES>
                <ISDEEMEDPOSITIVE>Yes</ISDEEMEDPOSITIVE>
                <LEDGERFROMITEM>No</LEDGERFROMITEM><LEDGERNAME>LOYOLA INTERNATIONAL SCHOOL</LEDGERNAME>
                <AMOUNT>-35400.00</AMOUNT><BILLALLOCATIONS.LIST>
                    <NAME>BQT-02400033</NAME>
                    <BILLTYPE>New Ref</BILLTYPE>
                    <BILLCREDITPERIOD/>
                    <AMOUNT>-35400.00
                    </AMOUNT>
                </BILLALLOCATIONS.LIST>
            </ALLLEDGERENTRIES.LIST><ALLLEDGERENTRIES.LIST>
                <REMOVEZEROENTRIES>No</REMOVEZEROENTRIES>
                <ISDEEMEDPOSITIVE>No</ISDEEMEDPOSITIVE>
                <LEDGERFROMITEM>No</LEDGERFROMITEM>
                <LEDGERNAME>BANQUETS-RATE</LEDGERNAME>
                <AMOUNT>30000</AMOUNT>
            </ALLLEDGERENTRIES.LIST>
            <ALLLEDGERENTRIES.LIST>
                <REMOVEZEROENTRIES>No</REMOVEZEROENTRIES>
                <ISDEEMEDPOSITIVE>No</ISDEEMEDPOSITIVE>
                <LEDGERFROMITEM>No</LEDGERFROMITEM>
                <LEDGERNAME>CGST@9%</LEDGERNAME>
                <AMOUNT>2700</AMOUNT>
            </ALLLEDGERENTRIES.LIST>
            <ALLLEDGERENTRIES.LIST>
                <REMOVEZEROENTRIES>No</REMOVEZEROENTRIES>
                <ISDEEMEDPOSITIVE>No</ISDEEMEDPOSITIVE>
                <LEDGERFROMITEM>No</LEDGERFROMITEM>
                <LEDGERNAME>SGST@9%</LEDGERNAME>
                <AMOUNT>2700</AMOUNT>
            </ALLLEDGERENTRIES.LIST>
        </VOUCHER>
    </TALLYMESSAGE>
    <TALLYMESSAGE xmlns:UDF="TallyUDF">
        <VOUCHER VCHTYPE="Counter Sales" ACTION="Create">
            <ISOPTIONAL>No</ISOPTIONAL>
            <USEFORGAINLOSS>No</USEFORGAINLOSS>
            <USEFORCOMPOUND>No</USEFORCOMPOUND>
            <VOUCHERTYPENAME>Counter Sales</VOUCHERTYPENAME>
            <DATE>13/11/2024</DATE>
            <EFFECTIVEDATE>13/11/2024</EFFECTIVEDATE>
            <ISCANCELLED>No</ISCANCELLED>
            <USETRACKINGNUMBER>No</USETRACKINGNUMBER>
            <ISPOSTDATED>No</ISPOSTDATED>
            <ISINVOICE>No</ISINVOICE>
            <DIFFACTUALQTY>No</DIFFACTUALQTY>
            <VOUCHERNUMBER>BQT-02400034</VOUCHERNUMBER>
            <REFERENCE>BQT-02400034</REFERENCE>
            <PARTYLEDGERNAME></PARTYLEDGERNAME>
            <NARRATION>FO BILL: BQT-02400034 GUEST NAME: YOUTH WITH A MISSION; Arr.Dt:11/11/2024; Dep.Dt:13/11/2024; Roomno: : Recpt#: BQT-02400034</NARRATION>
            <UDF:HARYANAVAT.LIST DESC="`HARYANAVAT`"></UDF:HARYANAVAT.LIST>
            <ALLLEDGERENTRIES.LIST>
                <REMOVEZEROENTRIES>No</REMOVEZEROENTRIES>
                <ISDEEMEDPOSITIVE>Yes</ISDEEMEDPOSITIVE>
                <LEDGERFROMITEM>No</LEDGERFROMITEM>
    </ALLLEDGERENTRIES.LIST>
     <ALLLEDGERENTRIES.LIST>
                <REMOVEZEROENTRIES>No</REMOVEZEROENTRIES>
                <ISDEEMEDPOSITIVE>Yes</ISDEEMEDPOSITIVE>
                <LEDGERFROMITEM>No</LEDGERFROMITEM><LEDGERNAME>YOUTH WITH A MISSION</LEDGERNAME>
                <AMOUNT>-88500.00</AMOUNT><BILLALLOCATIONS.LIST>
                    <NAME>BQT-02400034</NAME>
                    <BILLTYPE>New Ref</BILLTYPE>
                    <BILLCREDITPERIOD/>
                    <AMOUNT>-88500.00
                    </AMOUNT>
                </BILLALLOCATIONS.LIST>
            </ALLLEDGERENTRIES.LIST><ALLLEDGERENTRIES.LIST>
                <REMOVEZEROENTRIES>No</REMOVEZEROENTRIES>
                <ISDEEMEDPOSITIVE>No</ISDEEMEDPOSITIVE>
                <LEDGERFROMITEM>No</LEDGERFROMITEM>
                <LEDGERNAME>BANQUETS-RATE</LEDGERNAME>
                <AMOUNT>75000</AMOUNT>
            </ALLLEDGERENTRIES.LIST>
            <ALLLEDGERENTRIES.LIST>
                <REMOVEZEROENTRIES>No</REMOVEZEROENTRIES>
                <ISDEEMEDPOSITIVE>No</ISDEEMEDPOSITIVE>
                <LEDGERFROMITEM>No</LEDGERFROMITEM>
                <LEDGERNAME>CGST@9%</LEDGERNAME>
                <AMOUNT>6750</AMOUNT>
            </ALLLEDGERENTRIES.LIST>
            <ALLLEDGERENTRIES.LIST>
                <REMOVEZEROENTRIES>No</REMOVEZEROENTRIES>
                <ISDEEMEDPOSITIVE>No</ISDEEMEDPOSITIVE>
                <LEDGERFROMITEM>No</LEDGERFROMITEM>
                <LEDGERNAME>SGST@9%</LEDGERNAME>
                <AMOUNT>6750</AMOUNT>
            </ALLLEDGERENTRIES.LIST>
        </VOUCHER>
    </TALLYMESSAGE></REQUESTDATA>
        </IMPORTDATA>
    </BODY>
</ENVELOPE>