<?xml version="1.0" encoding="ISO-8859-1"?>
<ENVELOPE>
    <HEADER>
        <TALLYREQUEST>Import Data</TALLYREQUEST>
    </HEADER>
    <BODY>
        <IMPORTDATA>
            <REQUESTDESC>
                <REPORTNAME>TALLY INTERFACE</REPORTNAME>
                <STATICVARIABLES>
                    <SVCURRENTCOMPANY>Blue Nile properties pvt ltd-Joe Beach Resort</SVCURRENTCOMPANY>
                </STATICVARIABLES>
            </REQUESTDESC>
            <REQUESTDATA>
    <TALLYMESSAGE xmlns:UDF="TallyUDF">
        <VOUCHER VCHTYPE="Counter Sales" ACTION="Create">
            <ISOPTIONAL>No</ISOPTIONAL>
            <USEFORGAINLOSS>No</USEFORGAINLOSS>
            <USEFORCOMPOUND>No</USEFORCOMPOUND>
            <VOUCHERTYPENAME>Counter Sales</VOUCHERTYPENAME>
            <DATE>01/12/2024</DATE>
            <EFFECTIVEDATE>01/12/2024</EFFECTIVEDATE>
            <ISCANCELLED>No</ISCANCELLED>
            <USETRACKINGNUMBER>No</USETRACKINGNUMBER>
            <ISPOSTDATED>No</ISPOSTDATED>
            <ISINVOICE>No</ISINVOICE>
            <DIFFACTUALQTY>No</DIFFACTUALQTY>
            <VOUCHERNUMBER>FO-202400470</VOUCHERNUMBER>
            <REFERENCE>FO-202400470</REFERENCE>
            <PARTYLEDGERNAME></PARTYLEDGERNAME>
            <NARRATION>FO BILL: FO-202400470 GUEST NAME: PARACLETE CONSUITANTS ; Arr.Dt:30/11/2024; Dep.Dt:01/12/2024; Roomno:217 : Recpt#: FO-202400470</NARRATION>
            <UDF:HARYANAVAT.LIST DESC="`HARYANAVAT`"></UDF:HARYANAVAT.LIST><ALLLEDGERENTRIES.LIST>
                <REMOVEZEROENTRIES>No</REMOVEZEROENTRIES>
                <ISDEEMEDPOSITIVE>Yes</ISDEEMEDPOSITIVE>
                <LEDGERFROMITEM>No</LEDGERFROMITEM><LEDGERNAME>CBI 5532547292</LEDGERNAME>
                <AMOUNT>-2520.00</AMOUNT></ALLLEDGERENTRIES.LIST>  <ALLLEDGERENTRIES.LIST>
                <REMOVEZEROENTRIES>No</REMOVEZEROENTRIES>
                <ISDEEMEDPOSITIVE>No</ISDEEMEDPOSITIVE>
                <LEDGERFROMITEM>No</LEDGERFROMITEM>
                <LEDGERNAME>TARIFF</LEDGERNAME>
                <AMOUNT>2250</AMOUNT>
            </ALLLEDGERENTRIES.LIST>
            <ALLLEDGERENTRIES.LIST>
                <REMOVEZEROENTRIES>No</REMOVEZEROENTRIES>
                <ISDEEMEDPOSITIVE>No</ISDEEMEDPOSITIVE>
                <LEDGERFROMITEM>No</LEDGERFROMITEM>
                <LEDGERNAME>CGST@6%</LEDGERNAME>
                <AMOUNT>135</AMOUNT>
            </ALLLEDGERENTRIES.LIST>
            <ALLLEDGERENTRIES.LIST>
                <REMOVEZEROENTRIES>No</REMOVEZEROENTRIES>
                <ISDEEMEDPOSITIVE>No</ISDEEMEDPOSITIVE>
                <LEDGERFROMITEM>No</LEDGERFROMITEM>
                <LEDGERNAME>SGST@6%</LEDGERNAME>
                <AMOUNT>135</AMOUNT>
            </ALLLEDGERENTRIES.LIST>
        </VOUCHER>
    </TALLYMESSAGE>
    <TALLYMESSAGE xmlns:UDF="TallyUDF">
        <VOUCHER VCHTYPE="Counter Sales" ACTION="Create">
            <ISOPTIONAL>No</ISOPTIONAL>
            <USEFORGAINLOSS>No</USEFORGAINLOSS>
            <USEFORCOMPOUND>No</USEFORCOMPOUND>
            <VOUCHERTYPENAME>Counter Sales</VOUCHERTYPENAME>
            <DATE>03/12/2024</DATE>
            <EFFECTIVEDATE>03/12/2024</EFFECTIVEDATE>
            <ISCANCELLED>No</ISCANCELLED>
            <USETRACKINGNUMBER>No</USETRACKINGNUMBER>
            <ISPOSTDATED>No</ISPOSTDATED>
            <ISINVOICE>No</ISINVOICE>
            <DIFFACTUALQTY>No</DIFFACTUALQTY>
            <VOUCHERNUMBER>FO-202400464</VOUCHERNUMBER>
            <REFERENCE>FO-202400464</REFERENCE>
            <PARTYLEDGERNAME></PARTYLEDGERNAME>
            <NARRATION>FO BILL: FO-202400464 GUEST NAME: MYINT ZAW; Arr.Dt:27/11/2024; Dep.Dt:03/12/2024; Roomno:314 : Recpt#: FO-202400464</NARRATION>
            <UDF:HARYANAVAT.LIST DESC="`HARYANAVAT`"></UDF:HARYANAVAT.LIST><ALLLEDGERENTRIES.LIST>
                <REMOVEZEROENTRIES>No</REMOVEZEROENTRIES>
                <ISDEEMEDPOSITIVE>Yes</ISDEEMEDPOSITIVE>
                <LEDGERFROMITEM>No</LEDGERFROMITEM><LEDGERNAME>Cash</LEDGERNAME>
                <AMOUNT>-22933.00</AMOUNT></ALLLEDGERENTRIES.LIST>  <ALLLEDGERENTRIES.LIST>
                <REMOVEZEROENTRIES>No</REMOVEZEROENTRIES>
                <ISDEEMEDPOSITIVE>No</ISDEEMEDPOSITIVE>
                <LEDGERFROMITEM>No</LEDGERFROMITEM>
                <LEDGERNAME>TARIFF</LEDGERNAME>
                <AMOUNT>20475</AMOUNT>
            </ALLLEDGERENTRIES.LIST>
            <ALLLEDGERENTRIES.LIST>
                <REMOVEZEROENTRIES>No</REMOVEZEROENTRIES>
                <ISDEEMEDPOSITIVE>No</ISDEEMEDPOSITIVE>
                <LEDGERFROMITEM>No</LEDGERFROMITEM>
                <LEDGERNAME>CGST@6%</LEDGERNAME>
                <AMOUNT>1229</AMOUNT>
            </ALLLEDGERENTRIES.LIST>
            <ALLLEDGERENTRIES.LIST>
                <REMOVEZEROENTRIES>No</REMOVEZEROENTRIES>
                <ISDEEMEDPOSITIVE>No</ISDEEMEDPOSITIVE>
                <LEDGERFROMITEM>No</LEDGERFROMITEM>
                <LEDGERNAME>SGST@6%</LEDGERNAME>
                <AMOUNT>1229</AMOUNT>
            </ALLLEDGERENTRIES.LIST>
        </VOUCHER>
    </TALLYMESSAGE>
    <TALLYMESSAGE xmlns:UDF="TallyUDF">
        <VOUCHER VCHTYPE="Counter Sales" ACTION="Create">
            <ISOPTIONAL>No</ISOPTIONAL>
            <USEFORGAINLOSS>No</USEFORGAINLOSS>
            <USEFORCOMPOUND>No</USEFORCOMPOUND>
            <VOUCHERTYPENAME>Counter Sales</VOUCHERTYPENAME>
            <DATE>04/12/2024</DATE>
            <EFFECTIVEDATE>04/12/2024</EFFECTIVEDATE>
            <ISCANCELLED>No</ISCANCELLED>
            <USETRACKINGNUMBER>No</USETRACKINGNUMBER>
            <ISPOSTDATED>No</ISPOSTDATED>
            <ISINVOICE>No</ISINVOICE>
            <DIFFACTUALQTY>No</DIFFACTUALQTY>
            <VOUCHERNUMBER>FO-202400472</VOUCHERNUMBER>
            <REFERENCE>FO-202400472</REFERENCE>
            <PARTYLEDGERNAME></PARTYLEDGERNAME>
            <NARRATION>FO BILL: FO-202400472 GUEST NAME: MAITREYANATH ARJUN DHAMMAKIRTEE; Arr.Dt:03/12/2024; Dep.Dt:04/12/2024; Roomno:216 : Recpt#: FO-202400472</NARRATION>
            <UDF:HARYANAVAT.LIST DESC="`HARYANAVAT`"></UDF:HARYANAVAT.LIST><ALLLEDGERENTRIES.LIST>
                <REMOVEZEROENTRIES>No</REMOVEZEROENTRIES>
                <ISDEEMEDPOSITIVE>Yes</ISDEEMEDPOSITIVE>
                <LEDGERFROMITEM>No</LEDGERFROMITEM><LEDGERNAME>Cash</LEDGERNAME>
                <AMOUNT>-2800.00</AMOUNT></ALLLEDGERENTRIES.LIST>  <ALLLEDGERENTRIES.LIST>
                <REMOVEZEROENTRIES>No</REMOVEZEROENTRIES>
                <ISDEEMEDPOSITIVE>No</ISDEEMEDPOSITIVE>
                <LEDGERFROMITEM>No</LEDGERFROMITEM>
                <LEDGERNAME>TARIFF</LEDGERNAME>
                <AMOUNT>2500</AMOUNT>
            </ALLLEDGERENTRIES.LIST>
            <ALLLEDGERENTRIES.LIST>
                <REMOVEZEROENTRIES>No</REMOVEZEROENTRIES>
                <ISDEEMEDPOSITIVE>No</ISDEEMEDPOSITIVE>
                <LEDGERFROMITEM>No</LEDGERFROMITEM>
                <LEDGERNAME>CGST@6%</LEDGERNAME>
                <AMOUNT>150</AMOUNT>
            </ALLLEDGERENTRIES.LIST>
            <ALLLEDGERENTRIES.LIST>
                <REMOVEZEROENTRIES>No</REMOVEZEROENTRIES>
                <ISDEEMEDPOSITIVE>No</ISDEEMEDPOSITIVE>
                <LEDGERFROMITEM>No</LEDGERFROMITEM>
                <LEDGERNAME>SGST@6%</LEDGERNAME>
                <AMOUNT>150</AMOUNT>
            </ALLLEDGERENTRIES.LIST>
        </VOUCHER>
    </TALLYMESSAGE>
    <TALLYMESSAGE xmlns:UDF="TallyUDF">
        <VOUCHER VCHTYPE="Counter Sales" ACTION="Create">
            <ISOPTIONAL>No</ISOPTIONAL>
            <USEFORGAINLOSS>No</USEFORGAINLOSS>
            <USEFORCOMPOUND>No</USEFORCOMPOUND>
            <VOUCHERTYPENAME>Counter Sales</VOUCHERTYPENAME>
            <DATE>04/12/2024</DATE>
            <EFFECTIVEDATE>04/12/2024</EFFECTIVEDATE>
            <ISCANCELLED>No</ISCANCELLED>
            <USETRACKINGNUMBER>No</USETRACKINGNUMBER>
            <ISPOSTDATED>No</ISPOSTDATED>
            <ISINVOICE>No</ISINVOICE>
            <DIFFACTUALQTY>No</DIFFACTUALQTY>
            <VOUCHERNUMBER>FO-202400471</VOUCHERNUMBER>
            <REFERENCE>FO-202400471</REFERENCE>
            <PARTYLEDGERNAME></PARTYLEDGERNAME>
            <NARRATION>FO BILL: FO-202400471 GUEST NAME: IVAN SCHMID; Arr.Dt:03/12/2024; Dep.Dt:04/12/2024; Roomno:229,224,230,215,217 : Recpt#: FO-202400471</NARRATION>
            <UDF:HARYANAVAT.LIST DESC="`HARYANAVAT`"></UDF:HARYANAVAT.LIST><ALLLEDGERENTRIES.LIST>
                <REMOVEZEROENTRIES>No</REMOVEZEROENTRIES>
                <ISDEEMEDPOSITIVE>Yes</ISDEEMEDPOSITIVE>
                <LEDGERFROMITEM>No</LEDGERFROMITEM><LEDGERNAME>CBI 5532547292</LEDGERNAME>
                <AMOUNT>-18900.00</AMOUNT></ALLLEDGERENTRIES.LIST>  <ALLLEDGERENTRIES.LIST>
                <REMOVEZEROENTRIES>No</REMOVEZEROENTRIES>
                <ISDEEMEDPOSITIVE>No</ISDEEMEDPOSITIVE>
                <LEDGERFROMITEM>No</LEDGERFROMITEM>
                <LEDGERNAME>TARIFF</LEDGERNAME>
                <AMOUNT>16875</AMOUNT>
            </ALLLEDGERENTRIES.LIST>
            <ALLLEDGERENTRIES.LIST>
                <REMOVEZEROENTRIES>No</REMOVEZEROENTRIES>
                <ISDEEMEDPOSITIVE>No</ISDEEMEDPOSITIVE>
                <LEDGERFROMITEM>No</LEDGERFROMITEM>
                <LEDGERNAME>CGST@6%</LEDGERNAME>
                <AMOUNT>1013</AMOUNT>
            </ALLLEDGERENTRIES.LIST>
            <ALLLEDGERENTRIES.LIST>
                <REMOVEZEROENTRIES>No</REMOVEZEROENTRIES>
                <ISDEEMEDPOSITIVE>No</ISDEEMEDPOSITIVE>
                <LEDGERFROMITEM>No</LEDGERFROMITEM>
                <LEDGERNAME>SGST@6%</LEDGERNAME>
                <AMOUNT>1013</AMOUNT>
            </ALLLEDGERENTRIES.LIST>
        </VOUCHER>
    </TALLYMESSAGE>
    <TALLYMESSAGE xmlns:UDF="TallyUDF">
        <VOUCHER VCHTYPE="Counter Sales" ACTION="Create">
            <ISOPTIONAL>No</ISOPTIONAL>
            <USEFORGAINLOSS>No</USEFORGAINLOSS>
            <USEFORCOMPOUND>No</USEFORCOMPOUND>
            <VOUCHERTYPENAME>Counter Sales</VOUCHERTYPENAME>
            <DATE>04/12/2024</DATE>
            <EFFECTIVEDATE>04/12/2024</EFFECTIVEDATE>
            <ISCANCELLED>No</ISCANCELLED>
            <USETRACKINGNUMBER>No</USETRACKINGNUMBER>
            <ISPOSTDATED>No</ISPOSTDATED>
            <ISINVOICE>No</ISINVOICE>
            <DIFFACTUALQTY>No</DIFFACTUALQTY>
            <VOUCHERNUMBER>FO-202400466</VOUCHERNUMBER>
            <REFERENCE>FO-202400466</REFERENCE>
            <PARTYLEDGERNAME></PARTYLEDGERNAME>
            <NARRATION>FO BILL: FO-202400466 GUEST NAME: FOUNDATION OF HIS SACRED MAJESTY; Arr.Dt:27/11/2024; Dep.Dt:04/12/2024; Roomno:223,225,226,227,228,229,304,305,306,312,313,314,310,309 : Recpt#: FO-202400466</NARRATION>
            <UDF:HARYANAVAT.LIST DESC="`HARYANAVAT`"></UDF:HARYANAVAT.LIST><ALLLEDGERENTRIES.LIST>
                <REMOVEZEROENTRIES>No</REMOVEZEROENTRIES>
                <ISDEEMEDPOSITIVE>Yes</ISDEEMEDPOSITIVE>
                <LEDGERFROMITEM>No</LEDGERFROMITEM><LEDGERNAME>FOUNDATION OF HIS SACRED MAJESTY</LEDGERNAME>
                <AMOUNT>-330624.00</AMOUNT></ALLLEDGERENTRIES.LIST>  <ALLLEDGERENTRIES.LIST>
                <REMOVEZEROENTRIES>No</REMOVEZEROENTRIES>
                <ISDEEMEDPOSITIVE>No</ISDEEMEDPOSITIVE>
                <LEDGERFROMITEM>No</LEDGERFROMITEM>
                <LEDGERNAME>TARIFF</LEDGERNAME>
                <AMOUNT>295200</AMOUNT>
            </ALLLEDGERENTRIES.LIST>
            <ALLLEDGERENTRIES.LIST>
                <REMOVEZEROENTRIES>No</REMOVEZEROENTRIES>
                <ISDEEMEDPOSITIVE>No</ISDEEMEDPOSITIVE>
                <LEDGERFROMITEM>No</LEDGERFROMITEM>
                <LEDGERNAME>CGST@6%</LEDGERNAME>
                <AMOUNT>17712</AMOUNT>
            </ALLLEDGERENTRIES.LIST>
            <ALLLEDGERENTRIES.LIST>
                <REMOVEZEROENTRIES>No</REMOVEZEROENTRIES>
                <ISDEEMEDPOSITIVE>No</ISDEEMEDPOSITIVE>
                <LEDGERFROMITEM>No</LEDGERFROMITEM>
                <LEDGERNAME>SGST@6%</LEDGERNAME>
                <AMOUNT>17712</AMOUNT>
            </ALLLEDGERENTRIES.LIST>
        </VOUCHER>
    </TALLYMESSAGE>
    <TALLYMESSAGE xmlns:UDF="TallyUDF">
        <VOUCHER VCHTYPE="Counter Sales" ACTION="Create">
            <ISOPTIONAL>No</ISOPTIONAL>
            <USEFORGAINLOSS>No</USEFORGAINLOSS>
            <USEFORCOMPOUND>No</USEFORCOMPOUND>
            <VOUCHERTYPENAME>Counter Sales</VOUCHERTYPENAME>
            <DATE>03/12/2024</DATE>
            <EFFECTIVEDATE>03/12/2024</EFFECTIVEDATE>
            <ISCANCELLED>No</ISCANCELLED>
            <USETRACKINGNUMBER>No</USETRACKINGNUMBER>
            <ISPOSTDATED>No</ISPOSTDATED>
            <ISINVOICE>No</ISINVOICE>
            <DIFFACTUALQTY>No</DIFFACTUALQTY>
            <VOUCHERNUMBER>FO-202400465</VOUCHERNUMBER>
            <REFERENCE>FO-202400465</REFERENCE>
            <PARTYLEDGERNAME></PARTYLEDGERNAME>
            <NARRATION>FO BILL: FO-202400465 GUEST NAME: FOUNDATION OF HIS SACRED MAJESTY; Arr.Dt:27/11/2024; Dep.Dt:03/12/2024; Roomno:501,502,503,505,506,507,508,509,510 : Recpt#: FO-202400465</NARRATION>
            <UDF:HARYANAVAT.LIST DESC="`HARYANAVAT`"></UDF:HARYANAVAT.LIST><ALLLEDGERENTRIES.LIST>
                <REMOVEZEROENTRIES>No</REMOVEZEROENTRIES>
                <ISDEEMEDPOSITIVE>Yes</ISDEEMEDPOSITIVE>
                <LEDGERFROMITEM>No</LEDGERFROMITEM><LEDGERNAME>FOUNDATION OF HIS SACRED MAJESTY</LEDGERNAME>
                <AMOUNT>-105840.00</AMOUNT></ALLLEDGERENTRIES.LIST>  <ALLLEDGERENTRIES.LIST>
                <REMOVEZEROENTRIES>No</REMOVEZEROENTRIES>
                <ISDEEMEDPOSITIVE>No</ISDEEMEDPOSITIVE>
                <LEDGERFROMITEM>No</LEDGERFROMITEM>
                <LEDGERNAME>TARIFF</LEDGERNAME>
                <AMOUNT>94500</AMOUNT>
            </ALLLEDGERENTRIES.LIST>
            <ALLLEDGERENTRIES.LIST>
                <REMOVEZEROENTRIES>No</REMOVEZEROENTRIES>
                <ISDEEMEDPOSITIVE>No</ISDEEMEDPOSITIVE>
                <LEDGERFROMITEM>No</LEDGERFROMITEM>
                <LEDGERNAME>CGST@6%</LEDGERNAME>
                <AMOUNT>5670</AMOUNT>
            </ALLLEDGERENTRIES.LIST>
            <ALLLEDGERENTRIES.LIST>
                <REMOVEZEROENTRIES>No</REMOVEZEROENTRIES>
                <ISDEEMEDPOSITIVE>No</ISDEEMEDPOSITIVE>
                <LEDGERFROMITEM>No</LEDGERFROMITEM>
                <LEDGERNAME>SGST@6%</LEDGERNAME>
                <AMOUNT>5670</AMOUNT>
            </ALLLEDGERENTRIES.LIST>
        </VOUCHER>
    </TALLYMESSAGE>
    <TALLYMESSAGE xmlns:UDF="TallyUDF">
        <VOUCHER VCHTYPE="Counter Sales" ACTION="Create">
            <ISOPTIONAL>No</ISOPTIONAL>
            <USEFORGAINLOSS>No</USEFORGAINLOSS>
            <USEFORCOMPOUND>No</USEFORCOMPOUND>
            <VOUCHERTYPENAME>Counter Sales</VOUCHERTYPENAME>
            <DATE>02/12/2024</DATE>
            <EFFECTIVEDATE>02/12/2024</EFFECTIVEDATE>
            <ISCANCELLED>No</ISCANCELLED>
            <USETRACKINGNUMBER>No</USETRACKINGNUMBER>
            <ISPOSTDATED>No</ISPOSTDATED>
            <ISINVOICE>No</ISINVOICE>
            <DIFFACTUALQTY>No</DIFFACTUALQTY>
            <VOUCHERNUMBER>FO-202400455</VOUCHERNUMBER>
            <REFERENCE>FO-202400455</REFERENCE>
            <PARTYLEDGERNAME></PARTYLEDGERNAME>
            <NARRATION>FO BILL: FO-202400455 GUEST NAME: FOUNDATION OF HIS SACRED MAJESTY; Arr.Dt:26/11/2024; Dep.Dt:02/12/2024; Roomno:102,103,104,107,108,109,110,111,301,302,303 : Recpt#: FO-202400455</NARRATION>
            <UDF:HARYANAVAT.LIST DESC="`HARYANAVAT`"></UDF:HARYANAVAT.LIST><ALLLEDGERENTRIES.LIST>
                <REMOVEZEROENTRIES>No</REMOVEZEROENTRIES>
                <ISDEEMEDPOSITIVE>Yes</ISDEEMEDPOSITIVE>
                <LEDGERFROMITEM>No</LEDGERFROMITEM><LEDGERNAME>INH ADVANCE</LEDGERNAME>
                <AMOUNT>-100000.00</AMOUNT> </ALLLEDGERENTRIES.LIST><ALLLEDGERENTRIES.LIST>
                <REMOVEZEROENTRIES>No</REMOVEZEROENTRIES>
                <ISDEEMEDPOSITIVE>Yes</ISDEEMEDPOSITIVE>
                <LEDGERFROMITEM>No</LEDGERFROMITEM><LEDGERNAME>FOUNDATION OF HIS SACRED MAJESTY</LEDGERNAME>
                <AMOUNT>-7520.00</AMOUNT></ALLLEDGERENTRIES.LIST>  <ALLLEDGERENTRIES.LIST>
                <REMOVEZEROENTRIES>No</REMOVEZEROENTRIES>
                <ISDEEMEDPOSITIVE>No</ISDEEMEDPOSITIVE>
                <LEDGERFROMITEM>No</LEDGERFROMITEM>
                <LEDGERNAME>TARIFF</LEDGERNAME>
                <AMOUNT>96000</AMOUNT>
            </ALLLEDGERENTRIES.LIST>
            <ALLLEDGERENTRIES.LIST>
                <REMOVEZEROENTRIES>No</REMOVEZEROENTRIES>
                <ISDEEMEDPOSITIVE>No</ISDEEMEDPOSITIVE>
                <LEDGERFROMITEM>No</LEDGERFROMITEM>
                <LEDGERNAME>CGST@6%</LEDGERNAME>
                <AMOUNT>5760</AMOUNT>
            </ALLLEDGERENTRIES.LIST>
            <ALLLEDGERENTRIES.LIST>
                <REMOVEZEROENTRIES>No</REMOVEZEROENTRIES>
                <ISDEEMEDPOSITIVE>No</ISDEEMEDPOSITIVE>
                <LEDGERFROMITEM>No</LEDGERFROMITEM>
                <LEDGERNAME>SGST@6%</LEDGERNAME>
                <AMOUNT>5760</AMOUNT>
            </ALLLEDGERENTRIES.LIST>
        </VOUCHER>
    </TALLYMESSAGE>
    <TALLYMESSAGE xmlns:UDF="TallyUDF">
        <VOUCHER VCHTYPE="Counter Sales" ACTION="Create">
            <ISOPTIONAL>No</ISOPTIONAL>
            <USEFORGAINLOSS>No</USEFORGAINLOSS>
            <USEFORCOMPOUND>No</USEFORCOMPOUND>
            <VOUCHERTYPENAME>Counter Sales</VOUCHERTYPENAME>
            <DATE>06/12/2024</DATE>
            <EFFECTIVEDATE>06/12/2024</EFFECTIVEDATE>
            <ISCANCELLED>No</ISCANCELLED>
            <USETRACKINGNUMBER>No</USETRACKINGNUMBER>
            <ISPOSTDATED>No</ISPOSTDATED>
            <ISINVOICE>No</ISINVOICE>
            <DIFFACTUALQTY>No</DIFFACTUALQTY>
            <VOUCHERNUMBER>FO-202400473</VOUCHERNUMBER>
            <REFERENCE>FO-202400473</REFERENCE>
            <PARTYLEDGERNAME></PARTYLEDGERNAME>
            <NARRATION>FO BILL: FO-202400473 GUEST NAME: JILLIAN ANNE JAMESON; Arr.Dt:05/12/2024; Dep.Dt:06/12/2024; Roomno:224 : Recpt#: FO-202400473</NARRATION>
            <UDF:HARYANAVAT.LIST DESC="`HARYANAVAT`"></UDF:HARYANAVAT.LIST><ALLLEDGERENTRIES.LIST>
                <REMOVEZEROENTRIES>No</REMOVEZEROENTRIES>
                <ISDEEMEDPOSITIVE>Yes</ISDEEMEDPOSITIVE>
                <LEDGERFROMITEM>No</LEDGERFROMITEM><LEDGERNAME>Cash</LEDGERNAME>
                <AMOUNT>-2800.00</AMOUNT></ALLLEDGERENTRIES.LIST>  <ALLLEDGERENTRIES.LIST>
                <REMOVEZEROENTRIES>No</REMOVEZEROENTRIES>
                <ISDEEMEDPOSITIVE>No</ISDEEMEDPOSITIVE>
                <LEDGERFROMITEM>No</LEDGERFROMITEM>
                <LEDGERNAME>TARIFF</LEDGERNAME>
                <AMOUNT>2500</AMOUNT>
            </ALLLEDGERENTRIES.LIST>
            <ALLLEDGERENTRIES.LIST>
                <REMOVEZEROENTRIES>No</REMOVEZEROENTRIES>
                <ISDEEMEDPOSITIVE>No</ISDEEMEDPOSITIVE>
                <LEDGERFROMITEM>No</LEDGERFROMITEM>
                <LEDGERNAME>CGST@6%</LEDGERNAME>
                <AMOUNT>150</AMOUNT>
            </ALLLEDGERENTRIES.LIST>
            <ALLLEDGERENTRIES.LIST>
                <REMOVEZEROENTRIES>No</REMOVEZEROENTRIES>
                <ISDEEMEDPOSITIVE>No</ISDEEMEDPOSITIVE>
                <LEDGERFROMITEM>No</LEDGERFROMITEM>
                <LEDGERNAME>SGST@6%</LEDGERNAME>
                <AMOUNT>150</AMOUNT>
            </ALLLEDGERENTRIES.LIST>
        </VOUCHER>
    </TALLYMESSAGE>
    <TALLYMESSAGE xmlns:UDF="TallyUDF">
        <VOUCHER VCHTYPE="Counter Sales" ACTION="Create">
            <ISOPTIONAL>No</ISOPTIONAL>
            <USEFORGAINLOSS>No</USEFORGAINLOSS>
            <USEFORCOMPOUND>No</USEFORCOMPOUND>
            <VOUCHERTYPENAME>Counter Sales</VOUCHERTYPENAME>
            <DATE>08/12/2024</DATE>
            <EFFECTIVEDATE>08/12/2024</EFFECTIVEDATE>
            <ISCANCELLED>No</ISCANCELLED>
            <USETRACKINGNUMBER>No</USETRACKINGNUMBER>
            <ISPOSTDATED>No</ISPOSTDATED>
            <ISINVOICE>No</ISINVOICE>
            <DIFFACTUALQTY>No</DIFFACTUALQTY>
            <VOUCHERNUMBER>FO-202400475</VOUCHERNUMBER>
            <REFERENCE>FO-202400475</REFERENCE>
            <PARTYLEDGERNAME></PARTYLEDGERNAME>
            <NARRATION>FO BILL: FO-202400475 GUEST NAME: SAMSON M; Arr.Dt:07/12/2024; Dep.Dt:08/12/2024; Roomno:311 : Recpt#: FO-202400475</NARRATION>
            <UDF:HARYANAVAT.LIST DESC="`HARYANAVAT`"></UDF:HARYANAVAT.LIST><ALLLEDGERENTRIES.LIST>
                <REMOVEZEROENTRIES>No</REMOVEZEROENTRIES>
                <ISDEEMEDPOSITIVE>Yes</ISDEEMEDPOSITIVE>
                <LEDGERFROMITEM>No</LEDGERFROMITEM><LEDGERNAME>CBI 5532547292</LEDGERNAME>
                <AMOUNT>-1680.00</AMOUNT></ALLLEDGERENTRIES.LIST>  <ALLLEDGERENTRIES.LIST>
                <REMOVEZEROENTRIES>No</REMOVEZEROENTRIES>
                <ISDEEMEDPOSITIVE>No</ISDEEMEDPOSITIVE>
                <LEDGERFROMITEM>No</LEDGERFROMITEM>
                <LEDGERNAME>TARIFF</LEDGERNAME>
                <AMOUNT>1500</AMOUNT>
            </ALLLEDGERENTRIES.LIST>
            <ALLLEDGERENTRIES.LIST>
                <REMOVEZEROENTRIES>No</REMOVEZEROENTRIES>
                <ISDEEMEDPOSITIVE>No</ISDEEMEDPOSITIVE>
                <LEDGERFROMITEM>No</LEDGERFROMITEM>
                <LEDGERNAME>CGST@6%</LEDGERNAME>
                <AMOUNT>90</AMOUNT>
            </ALLLEDGERENTRIES.LIST>
            <ALLLEDGERENTRIES.LIST>
                <REMOVEZEROENTRIES>No</REMOVEZEROENTRIES>
                <ISDEEMEDPOSITIVE>No</ISDEEMEDPOSITIVE>
                <LEDGERFROMITEM>No</LEDGERFROMITEM>
                <LEDGERNAME>SGST@6%</LEDGERNAME>
                <AMOUNT>90</AMOUNT>
            </ALLLEDGERENTRIES.LIST>
        </VOUCHER>
    </TALLYMESSAGE>
    <TALLYMESSAGE xmlns:UDF="TallyUDF">
        <VOUCHER VCHTYPE="Counter Sales" ACTION="Create">
            <ISOPTIONAL>No</ISOPTIONAL>
            <USEFORGAINLOSS>No</USEFORGAINLOSS>
            <USEFORCOMPOUND>No</USEFORCOMPOUND>
            <VOUCHERTYPENAME>Counter Sales</VOUCHERTYPENAME>
            <DATE>08/12/2024</DATE>
            <EFFECTIVEDATE>08/12/2024</EFFECTIVEDATE>
            <ISCANCELLED>No</ISCANCELLED>
            <USETRACKINGNUMBER>No</USETRACKINGNUMBER>
            <ISPOSTDATED>No</ISPOSTDATED>
            <ISINVOICE>No</ISINVOICE>
            <DIFFACTUALQTY>No</DIFFACTUALQTY>
            <VOUCHERNUMBER>FO-202400476</VOUCHERNUMBER>
            <REFERENCE>FO-202400476</REFERENCE>
            <PARTYLEDGERNAME></PARTYLEDGERNAME>
            <NARRATION>FO BILL: FO-202400476 GUEST NAME: RAMESH KUMAR; Arr.Dt:07/12/2024; Dep.Dt:08/12/2024; Roomno:304,305,306,301,302,303,307,308,309,310,207,208 : Recpt#: FO-202400476</NARRATION>
            <UDF:HARYANAVAT.LIST DESC="`HARYANAVAT`"></UDF:HARYANAVAT.LIST><ALLLEDGERENTRIES.LIST>
                <REMOVEZEROENTRIES>No</REMOVEZEROENTRIES>
                <ISDEEMEDPOSITIVE>Yes</ISDEEMEDPOSITIVE>
                <LEDGERFROMITEM>No</LEDGERFROMITEM><LEDGERNAME>Cash</LEDGERNAME>
                <AMOUNT>-22400.00</AMOUNT></ALLLEDGERENTRIES.LIST>  <ALLLEDGERENTRIES.LIST>
                <REMOVEZEROENTRIES>No</REMOVEZEROENTRIES>
                <ISDEEMEDPOSITIVE>No</ISDEEMEDPOSITIVE>
                <LEDGERFROMITEM>No</LEDGERFROMITEM>
                <LEDGERNAME>TARIFF</LEDGERNAME>
                <AMOUNT>20000</AMOUNT>
            </ALLLEDGERENTRIES.LIST>
            <ALLLEDGERENTRIES.LIST>
                <REMOVEZEROENTRIES>No</REMOVEZEROENTRIES>
                <ISDEEMEDPOSITIVE>No</ISDEEMEDPOSITIVE>
                <LEDGERFROMITEM>No</LEDGERFROMITEM>
                <LEDGERNAME>CGST@6%</LEDGERNAME>
                <AMOUNT>1200</AMOUNT>
            </ALLLEDGERENTRIES.LIST>
            <ALLLEDGERENTRIES.LIST>
                <REMOVEZEROENTRIES>No</REMOVEZEROENTRIES>
                <ISDEEMEDPOSITIVE>No</ISDEEMEDPOSITIVE>
                <LEDGERFROMITEM>No</LEDGERFROMITEM>
                <LEDGERNAME>SGST@6%</LEDGERNAME>
                <AMOUNT>1200</AMOUNT>
            </ALLLEDGERENTRIES.LIST>
        </VOUCHER>
    </TALLYMESSAGE>
    <TALLYMESSAGE xmlns:UDF="TallyUDF">
        <VOUCHER VCHTYPE="Counter Sales" ACTION="Create">
            <ISOPTIONAL>No</ISOPTIONAL>
            <USEFORGAINLOSS>No</USEFORGAINLOSS>
            <USEFORCOMPOUND>No</USEFORCOMPOUND>
            <VOUCHERTYPENAME>Counter Sales</VOUCHERTYPENAME>
            <DATE>08/12/2024</DATE>
            <EFFECTIVEDATE>08/12/2024</EFFECTIVEDATE>
            <ISCANCELLED>No</ISCANCELLED>
            <USETRACKINGNUMBER>No</USETRACKINGNUMBER>
            <ISPOSTDATED>No</ISPOSTDATED>
            <ISINVOICE>No</ISINVOICE>
            <DIFFACTUALQTY>No</DIFFACTUALQTY>
            <VOUCHERNUMBER>FO-202400480</VOUCHERNUMBER>
            <REFERENCE>FO-202400480</REFERENCE>
            <PARTYLEDGERNAME></PARTYLEDGERNAME>
            <NARRATION>FO BILL: FO-202400480 GUEST NAME: LOURD SAMY; Arr.Dt:07/12/2024; Dep.Dt:08/12/2024; Roomno:210 : Recpt#: FO-202400480</NARRATION>
            <UDF:HARYANAVAT.LIST DESC="`HARYANAVAT`"></UDF:HARYANAVAT.LIST><ALLLEDGERENTRIES.LIST>
                <REMOVEZEROENTRIES>No</REMOVEZEROENTRIES>
                <ISDEEMEDPOSITIVE>Yes</ISDEEMEDPOSITIVE>
                <LEDGERFROMITEM>No</LEDGERFROMITEM><LEDGERNAME>CBI 5532547292</LEDGERNAME>
                <AMOUNT>-1680.00</AMOUNT></ALLLEDGERENTRIES.LIST>  <ALLLEDGERENTRIES.LIST>
                <REMOVEZEROENTRIES>No</REMOVEZEROENTRIES>
                <ISDEEMEDPOSITIVE>No</ISDEEMEDPOSITIVE>
                <LEDGERFROMITEM>No</LEDGERFROMITEM>
                <LEDGERNAME>TARIFF</LEDGERNAME>
                <AMOUNT>1500</AMOUNT>
            </ALLLEDGERENTRIES.LIST>
            <ALLLEDGERENTRIES.LIST>
                <REMOVEZEROENTRIES>No</REMOVEZEROENTRIES>
                <ISDEEMEDPOSITIVE>No</ISDEEMEDPOSITIVE>
                <LEDGERFROMITEM>No</LEDGERFROMITEM>
                <LEDGERNAME>CGST@6%</LEDGERNAME>
                <AMOUNT>90</AMOUNT>
            </ALLLEDGERENTRIES.LIST>
            <ALLLEDGERENTRIES.LIST>
                <REMOVEZEROENTRIES>No</REMOVEZEROENTRIES>
                <ISDEEMEDPOSITIVE>No</ISDEEMEDPOSITIVE>
                <LEDGERFROMITEM>No</LEDGERFROMITEM>
                <LEDGERNAME>SGST@6%</LEDGERNAME>
                <AMOUNT>90</AMOUNT>
            </ALLLEDGERENTRIES.LIST>
        </VOUCHER>
    </TALLYMESSAGE>
    <TALLYMESSAGE xmlns:UDF="TallyUDF">
        <VOUCHER VCHTYPE="Counter Sales" ACTION="Create">
            <ISOPTIONAL>No</ISOPTIONAL>
            <USEFORGAINLOSS>No</USEFORGAINLOSS>
            <USEFORCOMPOUND>No</USEFORCOMPOUND>
            <VOUCHERTYPENAME>Counter Sales</VOUCHERTYPENAME>
            <DATE>09/12/2024</DATE>
            <EFFECTIVEDATE>09/12/2024</EFFECTIVEDATE>
            <ISCANCELLED>No</ISCANCELLED>
            <USETRACKINGNUMBER>No</USETRACKINGNUMBER>
            <ISPOSTDATED>No</ISPOSTDATED>
            <ISINVOICE>No</ISINVOICE>
            <DIFFACTUALQTY>No</DIFFACTUALQTY>
            <VOUCHERNUMBER>FO-202400479</VOUCHERNUMBER>
            <REFERENCE>FO-202400479</REFERENCE>
            <PARTYLEDGERNAME></PARTYLEDGERNAME>
            <NARRATION>FO BILL: FO-202400479 GUEST NAME: HAGE  RUBA; Arr.Dt:08/12/2024; Dep.Dt:09/12/2024; Roomno:206,102,103,104,107 : Recpt#: FO-202400479</NARRATION>
            <UDF:HARYANAVAT.LIST DESC="`HARYANAVAT`"></UDF:HARYANAVAT.LIST><ALLLEDGERENTRIES.LIST>
                <REMOVEZEROENTRIES>No</REMOVEZEROENTRIES>
                <ISDEEMEDPOSITIVE>Yes</ISDEEMEDPOSITIVE>
                <LEDGERFROMITEM>No</LEDGERFROMITEM><LEDGERNAME>Cash</LEDGERNAME>
                <AMOUNT>-9240.00</AMOUNT></ALLLEDGERENTRIES.LIST>  <ALLLEDGERENTRIES.LIST>
                <REMOVEZEROENTRIES>No</REMOVEZEROENTRIES>
                <ISDEEMEDPOSITIVE>No</ISDEEMEDPOSITIVE>
                <LEDGERFROMITEM>No</LEDGERFROMITEM>
                <LEDGERNAME>TARIFF</LEDGERNAME>
                <AMOUNT>8250</AMOUNT>
            </ALLLEDGERENTRIES.LIST>
            <ALLLEDGERENTRIES.LIST>
                <REMOVEZEROENTRIES>No</REMOVEZEROENTRIES>
                <ISDEEMEDPOSITIVE>No</ISDEEMEDPOSITIVE>
                <LEDGERFROMITEM>No</LEDGERFROMITEM>
                <LEDGERNAME>CGST@6%</LEDGERNAME>
                <AMOUNT>495</AMOUNT>
            </ALLLEDGERENTRIES.LIST>
            <ALLLEDGERENTRIES.LIST>
                <REMOVEZEROENTRIES>No</REMOVEZEROENTRIES>
                <ISDEEMEDPOSITIVE>No</ISDEEMEDPOSITIVE>
                <LEDGERFROMITEM>No</LEDGERFROMITEM>
                <LEDGERNAME>SGST@6%</LEDGERNAME>
                <AMOUNT>495</AMOUNT>
            </ALLLEDGERENTRIES.LIST>
        </VOUCHER>
    </TALLYMESSAGE>
    <TALLYMESSAGE xmlns:UDF="TallyUDF">
        <VOUCHER VCHTYPE="Counter Sales" ACTION="Create">
            <ISOPTIONAL>No</ISOPTIONAL>
            <USEFORGAINLOSS>No</USEFORGAINLOSS>
            <USEFORCOMPOUND>No</USEFORCOMPOUND>
            <VOUCHERTYPENAME>Counter Sales</VOUCHERTYPENAME>
            <DATE>09/12/2024</DATE>
            <EFFECTIVEDATE>09/12/2024</EFFECTIVEDATE>
            <ISCANCELLED>No</ISCANCELLED>
            <USETRACKINGNUMBER>No</USETRACKINGNUMBER>
            <ISPOSTDATED>No</ISPOSTDATED>
            <ISINVOICE>No</ISINVOICE>
            <DIFFACTUALQTY>No</DIFFACTUALQTY>
            <VOUCHERNUMBER>FO-202400478</VOUCHERNUMBER>
            <REFERENCE>FO-202400478</REFERENCE>
            <PARTYLEDGERNAME></PARTYLEDGERNAME>
            <NARRATION>FO BILL: FO-202400478 GUEST NAME: PUSHPARAJI INNACIMUTHU; Arr.Dt:07/12/2024; Dep.Dt:09/12/2024; Roomno:203,204 : Recpt#: FO-202400478</NARRATION>
            <UDF:HARYANAVAT.LIST DESC="`HARYANAVAT`"></UDF:HARYANAVAT.LIST><ALLLEDGERENTRIES.LIST>
                <REMOVEZEROENTRIES>No</REMOVEZEROENTRIES>
                <ISDEEMEDPOSITIVE>Yes</ISDEEMEDPOSITIVE>
                <LEDGERFROMITEM>No</LEDGERFROMITEM><LEDGERNAME>Cash</LEDGERNAME>
                <AMOUNT>-5600.00</AMOUNT></ALLLEDGERENTRIES.LIST>  <ALLLEDGERENTRIES.LIST>
                <REMOVEZEROENTRIES>No</REMOVEZEROENTRIES>
                <ISDEEMEDPOSITIVE>No</ISDEEMEDPOSITIVE>
                <LEDGERFROMITEM>No</LEDGERFROMITEM>
                <LEDGERNAME>TARIFF</LEDGERNAME>
                <AMOUNT>5000</AMOUNT>
            </ALLLEDGERENTRIES.LIST>
            <ALLLEDGERENTRIES.LIST>
                <REMOVEZEROENTRIES>No</REMOVEZEROENTRIES>
                <ISDEEMEDPOSITIVE>No</ISDEEMEDPOSITIVE>
                <LEDGERFROMITEM>No</LEDGERFROMITEM>
                <LEDGERNAME>CGST@6%</LEDGERNAME>
                <AMOUNT>300</AMOUNT>
            </ALLLEDGERENTRIES.LIST>
            <ALLLEDGERENTRIES.LIST>
                <REMOVEZEROENTRIES>No</REMOVEZEROENTRIES>
                <ISDEEMEDPOSITIVE>No</ISDEEMEDPOSITIVE>
                <LEDGERFROMITEM>No</LEDGERFROMITEM>
                <LEDGERNAME>SGST@6%</LEDGERNAME>
                <AMOUNT>300</AMOUNT>
            </ALLLEDGERENTRIES.LIST>
        </VOUCHER>
    </TALLYMESSAGE>
    <TALLYMESSAGE xmlns:UDF="TallyUDF">
        <VOUCHER VCHTYPE="Counter Sales" ACTION="Create">
            <ISOPTIONAL>No</ISOPTIONAL>
            <USEFORGAINLOSS>No</USEFORGAINLOSS>
            <USEFORCOMPOUND>No</USEFORCOMPOUND>
            <VOUCHERTYPENAME>Counter Sales</VOUCHERTYPENAME>
            <DATE>10/12/2024</DATE>
            <EFFECTIVEDATE>10/12/2024</EFFECTIVEDATE>
            <ISCANCELLED>No</ISCANCELLED>
            <USETRACKINGNUMBER>No</USETRACKINGNUMBER>
            <ISPOSTDATED>No</ISPOSTDATED>
            <ISINVOICE>No</ISINVOICE>
            <DIFFACTUALQTY>No</DIFFACTUALQTY>
            <VOUCHERNUMBER>FO-202400482</VOUCHERNUMBER>
            <REFERENCE>FO-202400482</REFERENCE>
            <PARTYLEDGERNAME></PARTYLEDGERNAME>
            <NARRATION>FO BILL: FO-202400482 GUEST NAME: Society  of DMI ; Arr.Dt:08/12/2024; Dep.Dt:10/12/2024; Roomno:217 : Recpt#: FO-202400482</NARRATION>
            <UDF:HARYANAVAT.LIST DESC="`HARYANAVAT`"></UDF:HARYANAVAT.LIST><ALLLEDGERENTRIES.LIST>
                <REMOVEZEROENTRIES>No</REMOVEZEROENTRIES>
                <ISDEEMEDPOSITIVE>Yes</ISDEEMEDPOSITIVE>
                <LEDGERFROMITEM>No</LEDGERFROMITEM><LEDGERNAME>Society  of DMI </LEDGERNAME>
                <AMOUNT>-5600.00</AMOUNT></ALLLEDGERENTRIES.LIST>  <ALLLEDGERENTRIES.LIST>
                <REMOVEZEROENTRIES>No</REMOVEZEROENTRIES>
                <ISDEEMEDPOSITIVE>No</ISDEEMEDPOSITIVE>
                <LEDGERFROMITEM>No</LEDGERFROMITEM>
                <LEDGERNAME>TARIFF</LEDGERNAME>
                <AMOUNT>5000</AMOUNT>
            </ALLLEDGERENTRIES.LIST>
            <ALLLEDGERENTRIES.LIST>
                <REMOVEZEROENTRIES>No</REMOVEZEROENTRIES>
                <ISDEEMEDPOSITIVE>No</ISDEEMEDPOSITIVE>
                <LEDGERFROMITEM>No</LEDGERFROMITEM>
                <LEDGERNAME>CGST@6%</LEDGERNAME>
                <AMOUNT>300</AMOUNT>
            </ALLLEDGERENTRIES.LIST>
            <ALLLEDGERENTRIES.LIST>
                <REMOVEZEROENTRIES>No</REMOVEZEROENTRIES>
                <ISDEEMEDPOSITIVE>No</ISDEEMEDPOSITIVE>
                <LEDGERFROMITEM>No</LEDGERFROMITEM>
                <LEDGERNAME>SGST@6%</LEDGERNAME>
                <AMOUNT>300</AMOUNT>
            </ALLLEDGERENTRIES.LIST>
        </VOUCHER>
    </TALLYMESSAGE>
    <TALLYMESSAGE xmlns:UDF="TallyUDF">
        <VOUCHER VCHTYPE="Counter Sales" ACTION="Create">
            <ISOPTIONAL>No</ISOPTIONAL>
            <USEFORGAINLOSS>No</USEFORGAINLOSS>
            <USEFORCOMPOUND>No</USEFORCOMPOUND>
            <VOUCHERTYPENAME>Counter Sales</VOUCHERTYPENAME>
            <DATE>08/12/2024</DATE>
            <EFFECTIVEDATE>08/12/2024</EFFECTIVEDATE>
            <ISCANCELLED>No</ISCANCELLED>
            <USETRACKINGNUMBER>No</USETRACKINGNUMBER>
            <ISPOSTDATED>No</ISPOSTDATED>
            <ISINVOICE>No</ISINVOICE>
            <DIFFACTUALQTY>No</DIFFACTUALQTY>
            <VOUCHERNUMBER>FO-202400477</VOUCHERNUMBER>
            <REFERENCE>FO-202400477</REFERENCE>
            <PARTYLEDGERNAME></PARTYLEDGERNAME>
            <NARRATION>FO BILL: FO-202400477 GUEST NAME: MATHEW ANN AGNES; Arr.Dt:07/12/2024; Dep.Dt:08/12/2024; Roomno:213,214,215 : Recpt#: FO-202400477</NARRATION>
            <UDF:HARYANAVAT.LIST DESC="`HARYANAVAT`"></UDF:HARYANAVAT.LIST>  <ALLLEDGERENTRIES.LIST>
                <REMOVEZEROENTRIES>No</REMOVEZEROENTRIES>
                <ISDEEMEDPOSITIVE>No</ISDEEMEDPOSITIVE>
                <LEDGERFROMITEM>No</LEDGERFROMITEM>
                <LEDGERNAME>TARIFF</LEDGERNAME>
                <AMOUNT>7500</AMOUNT>
            </ALLLEDGERENTRIES.LIST>
            <ALLLEDGERENTRIES.LIST>
                <REMOVEZEROENTRIES>No</REMOVEZEROENTRIES>
                <ISDEEMEDPOSITIVE>No</ISDEEMEDPOSITIVE>
                <LEDGERFROMITEM>No</LEDGERFROMITEM>
                <LEDGERNAME>CGST@6%</LEDGERNAME>
                <AMOUNT>450</AMOUNT>
            </ALLLEDGERENTRIES.LIST>
            <ALLLEDGERENTRIES.LIST>
                <REMOVEZEROENTRIES>No</REMOVEZEROENTRIES>
                <ISDEEMEDPOSITIVE>No</ISDEEMEDPOSITIVE>
                <LEDGERFROMITEM>No</LEDGERFROMITEM>
                <LEDGERNAME>SGST@6%</LEDGERNAME>
                <AMOUNT>450</AMOUNT>
            </ALLLEDGERENTRIES.LIST>
        </VOUCHER>
    </TALLYMESSAGE>
    <TALLYMESSAGE xmlns:UDF="TallyUDF">
        <VOUCHER VCHTYPE="Counter Sales" ACTION="Create">
            <ISOPTIONAL>No</ISOPTIONAL>
            <USEFORGAINLOSS>No</USEFORGAINLOSS>
            <USEFORCOMPOUND>No</USEFORCOMPOUND>
            <VOUCHERTYPENAME>Counter Sales</VOUCHERTYPENAME>
            <DATE>11/12/2024</DATE>
            <EFFECTIVEDATE>11/12/2024</EFFECTIVEDATE>
            <ISCANCELLED>No</ISCANCELLED>
            <USETRACKINGNUMBER>No</USETRACKINGNUMBER>
            <ISPOSTDATED>No</ISPOSTDATED>
            <ISINVOICE>No</ISINVOICE>
            <DIFFACTUALQTY>No</DIFFACTUALQTY>
            <VOUCHERNUMBER>FO-202400481</VOUCHERNUMBER>
            <REFERENCE>FO-202400481</REFERENCE>
            <PARTYLEDGERNAME></PARTYLEDGERNAME>
            <NARRATION>FO BILL: FO-202400481 GUEST NAME: PREM KUMAR V; Arr.Dt:10/12/2024; Dep.Dt:11/12/2024; Roomno:220 : Recpt#: FO-202400481</NARRATION>
            <UDF:HARYANAVAT.LIST DESC="`HARYANAVAT`"></UDF:HARYANAVAT.LIST>  <ALLLEDGERENTRIES.LIST>
                <REMOVEZEROENTRIES>No</REMOVEZEROENTRIES>
                <ISDEEMEDPOSITIVE>No</ISDEEMEDPOSITIVE>
                <LEDGERFROMITEM>No</LEDGERFROMITEM>
                <LEDGERNAME>TARIFF</LEDGERNAME>
                <AMOUNT>2500</AMOUNT>
            </ALLLEDGERENTRIES.LIST>
            <ALLLEDGERENTRIES.LIST>
                <REMOVEZEROENTRIES>No</REMOVEZEROENTRIES>
                <ISDEEMEDPOSITIVE>No</ISDEEMEDPOSITIVE>
                <LEDGERFROMITEM>No</LEDGERFROMITEM>
                <LEDGERNAME>CGST@6%</LEDGERNAME>
                <AMOUNT>150</AMOUNT>
            </ALLLEDGERENTRIES.LIST>
            <ALLLEDGERENTRIES.LIST>
                <REMOVEZEROENTRIES>No</REMOVEZEROENTRIES>
                <ISDEEMEDPOSITIVE>No</ISDEEMEDPOSITIVE>
                <LEDGERFROMITEM>No</LEDGERFROMITEM>
                <LEDGERNAME>SGST@6%</LEDGERNAME>
                <AMOUNT>150</AMOUNT>
            </ALLLEDGERENTRIES.LIST>
        </VOUCHER>
    </TALLYMESSAGE>
<TALLYMESSAGE xmlns:UDF="TallyUDF">
    <VOUCHER VCHTYPE="Counter Sales" ACTION="Create">
        <ISOPTIONAL>No</ISOPTIONAL>
        <USEFORGAINLOSS>No</USEFORGAINLOSS>
        <USEFORCOMPOUND>No</USEFORCOMPOUND>
        <VOUCHERTYPENAME>Counter Sales</VOUCHERTYPENAME>
        <DATE>01-12-2024</DATE>
        <EFFECTIVEDATE>01-12-2024</EFFECTIVEDATE>
        <ISCANCELLED>No</ISCANCELLED>
        <USETRACKINGNUMBER>No</USETRACKINGNUMBER>
        <ISPOSTDATED>No</ISPOSTDATED>
        <ISINVOICE>No</ISINVOICE>
        <DIFFACTUALQTY>No</DIFFACTUALQTY>
        <VOUCHERNUMBER>DIN202400364</VOUCHERNUMBER>
        <REFERENCE>DIN202400364</REFERENCE>
        <PARTYLEDGERNAME></PARTYLEDGERNAME>
      <NARRATION>DIN202400364 GUEST NAME:PARACLETE CONSUITANTS </NARRATION>

        <UDF:HARYANAVAT.LIST DESC="`HARYANAVAT`"></UDF:HARYANAVAT.LIST><ALLLEDGERENTRIES.LIST>
                <REMOVEZEROENTRIES>No</REMOVEZEROENTRIES>
                <ISDEEMEDPOSITIVE>Yes</ISDEEMEDPOSITIVE>
                <LEDGERFROMITEM>No</LEDGERFROMITEM><LEDGERNAME>CBI 5532547292</LEDGERNAME>
                <AMOUNT>-526</AMOUNT>
     <BILLALLOCATIONS.LIST>
                    <NAME>DIN202400364</NAME>
                    <BILLTYPE>New Ref</BILLTYPE>
                    <BILLCREDITPERIOD/>
                    <AMOUNT>-526
                    </AMOUNT>
                </BILLALLOCATIONS.LIST>
                 </ALLLEDGERENTRIES.LIST>
       <ALLLEDGERENTRIES.LIST>
                <REMOVEZEROENTRIES>No</REMOVEZEROENTRIES>
                <ISDEEMEDPOSITIVE>Yes</ISDEEMEDPOSITIVE>
                <LEDGERFROMITEM>No</LEDGERFROMITEM><BILLALLOCATIONS.LIST>
                    <NAME>DIN202400364</NAME>
                    <BILLTYPE>New Ref</BILLTYPE>
                    <BILLCREDITPERIOD/>
                    <AMOUNT>-526
                    </AMOUNT>
                </BILLALLOCATIONS.LIST>
            </ALLLEDGERENTRIES.LIST>


        

   <ALLLEDGERENTRIES.LIST>
                <REMOVEZEROENTRIES>No</REMOVEZEROENTRIES>
                <ISDEEMEDPOSITIVE>No</ISDEEMEDPOSITIVE>
                <LEDGERFROMITEM>No</LEDGERFROMITEM>
                <LEDGERNAME>Food @5%</LEDGERNAME>
                <AMOUNT>500</AMOUNT>
            </ALLLEDGERENTRIES.LIST>
            <ALLLEDGERENTRIES.LIST>
                <REMOVEZEROENTRIES>No</REMOVEZEROENTRIES>
                <ISDEEMEDPOSITIVE>No</ISDEEMEDPOSITIVE>
                <LEDGERFROMITEM>No</LEDGERFROMITEM>
                <LEDGERNAME>CGST@2.5%</LEDGERNAME>
                <AMOUNT>13</AMOUNT>
            </ALLLEDGERENTRIES.LIST>
            <ALLLEDGERENTRIES.LIST>
                <REMOVEZEROENTRIES>No</REMOVEZEROENTRIES>
                <ISDEEMEDPOSITIVE>No</ISDEEMEDPOSITIVE>
                <LEDGERFROMITEM>No</LEDGERFROMITEM>
                <LEDGERNAME>SGST@2.5%</LEDGERNAME>
                <AMOUNT>13</AMOUNT>
            </ALLLEDGERENTRIES.LIST>
        
    </VOUCHER>
</TALLYMESSAGE>
<TALLYMESSAGE xmlns:UDF="TallyUDF">
    <VOUCHER VCHTYPE="Counter Sales" ACTION="Create">
        <ISOPTIONAL>No</ISOPTIONAL>
        <USEFORGAINLOSS>No</USEFORGAINLOSS>
        <USEFORCOMPOUND>No</USEFORCOMPOUND>
        <VOUCHERTYPENAME>Counter Sales</VOUCHERTYPENAME>
        <DATE>03-12-2024</DATE>
        <EFFECTIVEDATE>03-12-2024</EFFECTIVEDATE>
        <ISCANCELLED>No</ISCANCELLED>
        <USETRACKINGNUMBER>No</USETRACKINGNUMBER>
        <ISPOSTDATED>No</ISPOSTDATED>
        <ISINVOICE>No</ISINVOICE>
        <DIFFACTUALQTY>No</DIFFACTUALQTY>
        <VOUCHERNUMBER>DIN202400365</VOUCHERNUMBER>
        <REFERENCE>DIN202400365</REFERENCE>
        <PARTYLEDGERNAME></PARTYLEDGERNAME>
      <NARRATION>DIN202400365 GUEST NAME:Society  of DMI </NARRATION>

        <UDF:HARYANAVAT.LIST DESC="`HARYANAVAT`"></UDF:HARYANAVAT.LIST><ALLLEDGERENTRIES.LIST>
                <REMOVEZEROENTRIES>No</REMOVEZEROENTRIES>
                <ISDEEMEDPOSITIVE>Yes</ISDEEMEDPOSITIVE>
                <LEDGERFROMITEM>No</LEDGERFROMITEM><LEDGERNAME>Society  of DMI </LEDGERNAME>
                <AMOUNT>-6300</AMOUNT>
     <BILLALLOCATIONS.LIST>
                    <NAME>DIN202400365</NAME>
                    <BILLTYPE>New Ref</BILLTYPE>
                    <BILLCREDITPERIOD/>
                    <AMOUNT>-6300
                    </AMOUNT>
                </BILLALLOCATIONS.LIST>
                 </ALLLEDGERENTRIES.LIST>
       <ALLLEDGERENTRIES.LIST>
                <REMOVEZEROENTRIES>No</REMOVEZEROENTRIES>
                <ISDEEMEDPOSITIVE>Yes</ISDEEMEDPOSITIVE>
                <LEDGERFROMITEM>No</LEDGERFROMITEM><BILLALLOCATIONS.LIST>
                    <NAME>DIN202400365</NAME>
                    <BILLTYPE>New Ref</BILLTYPE>
                    <BILLCREDITPERIOD/>
                    <AMOUNT>-6300
                    </AMOUNT>
                </BILLALLOCATIONS.LIST>
            </ALLLEDGERENTRIES.LIST>


        

   <ALLLEDGERENTRIES.LIST>
                <REMOVEZEROENTRIES>No</REMOVEZEROENTRIES>
                <ISDEEMEDPOSITIVE>No</ISDEEMEDPOSITIVE>
                <LEDGERFROMITEM>No</LEDGERFROMITEM>
                <LEDGERNAME>Food @5%</LEDGERNAME>
                <AMOUNT>6000</AMOUNT>
            </ALLLEDGERENTRIES.LIST>
            <ALLLEDGERENTRIES.LIST>
                <REMOVEZEROENTRIES>No</REMOVEZEROENTRIES>
                <ISDEEMEDPOSITIVE>No</ISDEEMEDPOSITIVE>
                <LEDGERFROMITEM>No</LEDGERFROMITEM>
                <LEDGERNAME>CGST@2.5%</LEDGERNAME>
                <AMOUNT>150</AMOUNT>
            </ALLLEDGERENTRIES.LIST>
            <ALLLEDGERENTRIES.LIST>
                <REMOVEZEROENTRIES>No</REMOVEZEROENTRIES>
                <ISDEEMEDPOSITIVE>No</ISDEEMEDPOSITIVE>
                <LEDGERFROMITEM>No</LEDGERFROMITEM>
                <LEDGERNAME>SGST@2.5%</LEDGERNAME>
                <AMOUNT>150</AMOUNT>
            </ALLLEDGERENTRIES.LIST>
        
    </VOUCHER>
</TALLYMESSAGE>
<TALLYMESSAGE xmlns:UDF="TallyUDF">
    <VOUCHER VCHTYPE="Counter Sales" ACTION="Create">
        <ISOPTIONAL>No</ISOPTIONAL>
        <USEFORGAINLOSS>No</USEFORGAINLOSS>
        <USEFORCOMPOUND>No</USEFORCOMPOUND>
        <VOUCHERTYPENAME>Counter Sales</VOUCHERTYPENAME>
        <DATE>04-12-2024</DATE>
        <EFFECTIVEDATE>04-12-2024</EFFECTIVEDATE>
        <ISCANCELLED>No</ISCANCELLED>
        <USETRACKINGNUMBER>No</USETRACKINGNUMBER>
        <ISPOSTDATED>No</ISPOSTDATED>
        <ISINVOICE>No</ISINVOICE>
        <DIFFACTUALQTY>No</DIFFACTUALQTY>
        <VOUCHERNUMBER>DIN202400366</VOUCHERNUMBER>
        <REFERENCE>DIN202400366</REFERENCE>
        <PARTYLEDGERNAME></PARTYLEDGERNAME>
      <NARRATION>DIN202400366 GUEST NAME:229,224,230,215,217</NARRATION>

        <UDF:HARYANAVAT.LIST DESC="`HARYANAVAT`"></UDF:HARYANAVAT.LIST><ALLLEDGERENTRIES.LIST>
                <REMOVEZEROENTRIES>No</REMOVEZEROENTRIES>
                <ISDEEMEDPOSITIVE>Yes</ISDEEMEDPOSITIVE>
                <LEDGERFROMITEM>No</LEDGERFROMITEM><LEDGERNAME>CBI 5532547292</LEDGERNAME>
                <AMOUNT>-126</AMOUNT>
     <BILLALLOCATIONS.LIST>
                    <NAME>DIN202400366</NAME>
                    <BILLTYPE>New Ref</BILLTYPE>
                    <BILLCREDITPERIOD/>
                    <AMOUNT>-126
                    </AMOUNT>
                </BILLALLOCATIONS.LIST>
                 </ALLLEDGERENTRIES.LIST>
       <ALLLEDGERENTRIES.LIST>
                <REMOVEZEROENTRIES>No</REMOVEZEROENTRIES>
                <ISDEEMEDPOSITIVE>Yes</ISDEEMEDPOSITIVE>
                <LEDGERFROMITEM>No</LEDGERFROMITEM><BILLALLOCATIONS.LIST>
                    <NAME>DIN202400366</NAME>
                    <BILLTYPE>New Ref</BILLTYPE>
                    <BILLCREDITPERIOD/>
                    <AMOUNT>-126
                    </AMOUNT>
                </BILLALLOCATIONS.LIST>
            </ALLLEDGERENTRIES.LIST>


        

   <ALLLEDGERENTRIES.LIST>
                <REMOVEZEROENTRIES>No</REMOVEZEROENTRIES>
                <ISDEEMEDPOSITIVE>No</ISDEEMEDPOSITIVE>
                <LEDGERFROMITEM>No</LEDGERFROMITEM>
                <LEDGERNAME>Food @5%</LEDGERNAME>
                <AMOUNT>120</AMOUNT>
            </ALLLEDGERENTRIES.LIST>
            <ALLLEDGERENTRIES.LIST>
                <REMOVEZEROENTRIES>No</REMOVEZEROENTRIES>
                <ISDEEMEDPOSITIVE>No</ISDEEMEDPOSITIVE>
                <LEDGERFROMITEM>No</LEDGERFROMITEM>
                <LEDGERNAME>CGST@2.5%</LEDGERNAME>
                <AMOUNT>3</AMOUNT>
            </ALLLEDGERENTRIES.LIST>
            <ALLLEDGERENTRIES.LIST>
                <REMOVEZEROENTRIES>No</REMOVEZEROENTRIES>
                <ISDEEMEDPOSITIVE>No</ISDEEMEDPOSITIVE>
                <LEDGERFROMITEM>No</LEDGERFROMITEM>
                <LEDGERNAME>SGST@2.5%</LEDGERNAME>
                <AMOUNT>3</AMOUNT>
            </ALLLEDGERENTRIES.LIST>
        
    </VOUCHER>
</TALLYMESSAGE>
<TALLYMESSAGE xmlns:UDF="TallyUDF">
    <VOUCHER VCHTYPE="Counter Sales" ACTION="Create">
        <ISOPTIONAL>No</ISOPTIONAL>
        <USEFORGAINLOSS>No</USEFORGAINLOSS>
        <USEFORCOMPOUND>No</USEFORCOMPOUND>
        <VOUCHERTYPENAME>Counter Sales</VOUCHERTYPENAME>
        <DATE>05-12-2024</DATE>
        <EFFECTIVEDATE>05-12-2024</EFFECTIVEDATE>
        <ISCANCELLED>No</ISCANCELLED>
        <USETRACKINGNUMBER>No</USETRACKINGNUMBER>
        <ISPOSTDATED>No</ISPOSTDATED>
        <ISINVOICE>No</ISINVOICE>
        <DIFFACTUALQTY>No</DIFFACTUALQTY>
        <VOUCHERNUMBER>DIN202400367</VOUCHERNUMBER>
        <REFERENCE>DIN202400367</REFERENCE>
        <PARTYLEDGERNAME></PARTYLEDGERNAME>
      <NARRATION>DIN202400367 GUEST NAME:FOUNDATION OF HIS SACRED MAJESTY</NARRATION>

        <UDF:HARYANAVAT.LIST DESC="`HARYANAVAT`"></UDF:HARYANAVAT.LIST><ALLLEDGERENTRIES.LIST>
                <REMOVEZEROENTRIES>No</REMOVEZEROENTRIES>
                <ISDEEMEDPOSITIVE>Yes</ISDEEMEDPOSITIVE>
                <LEDGERFROMITEM>No</LEDGERFROMITEM><LEDGERNAME>FOUNDATION OF HIS SACRED MAJESTY</LEDGERNAME>
                <AMOUNT>-700337</AMOUNT>
     <BILLALLOCATIONS.LIST>
                    <NAME>DIN202400367</NAME>
                    <BILLTYPE>New Ref</BILLTYPE>
                    <BILLCREDITPERIOD/>
                    <AMOUNT>-700337
                    </AMOUNT>
                </BILLALLOCATIONS.LIST>
                 </ALLLEDGERENTRIES.LIST>
       <ALLLEDGERENTRIES.LIST>
                <REMOVEZEROENTRIES>No</REMOVEZEROENTRIES>
                <ISDEEMEDPOSITIVE>Yes</ISDEEMEDPOSITIVE>
                <LEDGERFROMITEM>No</LEDGERFROMITEM><BILLALLOCATIONS.LIST>
                    <NAME>DIN202400367</NAME>
                    <BILLTYPE>New Ref</BILLTYPE>
                    <BILLCREDITPERIOD/>
                    <AMOUNT>-700337
                    </AMOUNT>
                </BILLALLOCATIONS.LIST>
            </ALLLEDGERENTRIES.LIST>


        

   <ALLLEDGERENTRIES.LIST>
                <REMOVEZEROENTRIES>No</REMOVEZEROENTRIES>
                <ISDEEMEDPOSITIVE>No</ISDEEMEDPOSITIVE>
                <LEDGERFROMITEM>No</LEDGERFROMITEM>
                <LEDGERNAME>Food @5%</LEDGERNAME>
                <AMOUNT>666987</AMOUNT>
            </ALLLEDGERENTRIES.LIST>
            <ALLLEDGERENTRIES.LIST>
                <REMOVEZEROENTRIES>No</REMOVEZEROENTRIES>
                <ISDEEMEDPOSITIVE>No</ISDEEMEDPOSITIVE>
                <LEDGERFROMITEM>No</LEDGERFROMITEM>
                <LEDGERNAME>CGST@2.5%</LEDGERNAME>
                <AMOUNT>16675</AMOUNT>
            </ALLLEDGERENTRIES.LIST>
            <ALLLEDGERENTRIES.LIST>
                <REMOVEZEROENTRIES>No</REMOVEZEROENTRIES>
                <ISDEEMEDPOSITIVE>No</ISDEEMEDPOSITIVE>
                <LEDGERFROMITEM>No</LEDGERFROMITEM>
                <LEDGERNAME>SGST@2.5%</LEDGERNAME>
                <AMOUNT>16675</AMOUNT>
            </ALLLEDGERENTRIES.LIST>
        
    </VOUCHER>
</TALLYMESSAGE>
<TALLYMESSAGE xmlns:UDF="TallyUDF">
    <VOUCHER VCHTYPE="Counter Sales" ACTION="Create">
        <ISOPTIONAL>No</ISOPTIONAL>
        <USEFORGAINLOSS>No</USEFORGAINLOSS>
        <USEFORCOMPOUND>No</USEFORCOMPOUND>
        <VOUCHERTYPENAME>Counter Sales</VOUCHERTYPENAME>
        <DATE>07-12-2024</DATE>
        <EFFECTIVEDATE>07-12-2024</EFFECTIVEDATE>
        <ISCANCELLED>No</ISCANCELLED>
        <USETRACKINGNUMBER>No</USETRACKINGNUMBER>
        <ISPOSTDATED>No</ISPOSTDATED>
        <ISINVOICE>No</ISINVOICE>
        <DIFFACTUALQTY>No</DIFFACTUALQTY>
        <VOUCHERNUMBER>DIN202400368</VOUCHERNUMBER>
        <REFERENCE>DIN202400368</REFERENCE>
        <PARTYLEDGERNAME></PARTYLEDGERNAME>
      <NARRATION>DIN202400368 GUEST NAME:311</NARRATION>

        <UDF:HARYANAVAT.LIST DESC="`HARYANAVAT`"></UDF:HARYANAVAT.LIST><ALLLEDGERENTRIES.LIST>
                <REMOVEZEROENTRIES>No</REMOVEZEROENTRIES>
                <ISDEEMEDPOSITIVE>Yes</ISDEEMEDPOSITIVE>
                <LEDGERFROMITEM>No</LEDGERFROMITEM><LEDGERNAME>CBI 5532547292</LEDGERNAME>
                <AMOUNT>-120</AMOUNT>
     <BILLALLOCATIONS.LIST>
                    <NAME>DIN202400368</NAME>
                    <BILLTYPE>New Ref</BILLTYPE>
                    <BILLCREDITPERIOD/>
                    <AMOUNT>-120
                    </AMOUNT>
                </BILLALLOCATIONS.LIST>
                 </ALLLEDGERENTRIES.LIST>
       <ALLLEDGERENTRIES.LIST>
                <REMOVEZEROENTRIES>No</REMOVEZEROENTRIES>
                <ISDEEMEDPOSITIVE>Yes</ISDEEMEDPOSITIVE>
                <LEDGERFROMITEM>No</LEDGERFROMITEM><BILLALLOCATIONS.LIST>
                    <NAME>DIN202400368</NAME>
                    <BILLTYPE>New Ref</BILLTYPE>
                    <BILLCREDITPERIOD/>
                    <AMOUNT>-120
                    </AMOUNT>
                </BILLALLOCATIONS.LIST>
            </ALLLEDGERENTRIES.LIST>


        

   <ALLLEDGERENTRIES.LIST>
                <REMOVEZEROENTRIES>No</REMOVEZEROENTRIES>
                <ISDEEMEDPOSITIVE>No</ISDEEMEDPOSITIVE>
                <LEDGERFROMITEM>No</LEDGERFROMITEM>
                <LEDGERNAME>Food @5%</LEDGERNAME>
                <AMOUNT>114</AMOUNT>
            </ALLLEDGERENTRIES.LIST>
            <ALLLEDGERENTRIES.LIST>
                <REMOVEZEROENTRIES>No</REMOVEZEROENTRIES>
                <ISDEEMEDPOSITIVE>No</ISDEEMEDPOSITIVE>
                <LEDGERFROMITEM>No</LEDGERFROMITEM>
                <LEDGERNAME>CGST@2.5%</LEDGERNAME>
                <AMOUNT>3</AMOUNT>
            </ALLLEDGERENTRIES.LIST>
            <ALLLEDGERENTRIES.LIST>
                <REMOVEZEROENTRIES>No</REMOVEZEROENTRIES>
                <ISDEEMEDPOSITIVE>No</ISDEEMEDPOSITIVE>
                <LEDGERFROMITEM>No</LEDGERFROMITEM>
                <LEDGERNAME>SGST@2.5%</LEDGERNAME>
                <AMOUNT>3</AMOUNT>
            </ALLLEDGERENTRIES.LIST>
        
    </VOUCHER>
</TALLYMESSAGE>
<TALLYMESSAGE xmlns:UDF="TallyUDF">
    <VOUCHER VCHTYPE="Counter Sales" ACTION="Create">
        <ISOPTIONAL>No</ISOPTIONAL>
        <USEFORGAINLOSS>No</USEFORGAINLOSS>
        <USEFORCOMPOUND>No</USEFORCOMPOUND>
        <VOUCHERTYPENAME>Counter Sales</VOUCHERTYPENAME>
        <DATE>08-12-2024</DATE>
        <EFFECTIVEDATE>08-12-2024</EFFECTIVEDATE>
        <ISCANCELLED>No</ISCANCELLED>
        <USETRACKINGNUMBER>No</USETRACKINGNUMBER>
        <ISPOSTDATED>No</ISPOSTDATED>
        <ISINVOICE>No</ISINVOICE>
        <DIFFACTUALQTY>No</DIFFACTUALQTY>
        <VOUCHERNUMBER>DIN202400369</VOUCHERNUMBER>
        <REFERENCE>DIN202400369</REFERENCE>
        <PARTYLEDGERNAME></PARTYLEDGERNAME>
      <NARRATION>DIN202400369 GUEST NAME:213,214,215</NARRATION>

        <UDF:HARYANAVAT.LIST DESC="`HARYANAVAT`"></UDF:HARYANAVAT.LIST><ALLLEDGERENTRIES.LIST>
                <REMOVEZEROENTRIES>No</REMOVEZEROENTRIES>
                <ISDEEMEDPOSITIVE>Yes</ISDEEMEDPOSITIVE>
                <LEDGERFROMITEM>No</LEDGERFROMITEM><LEDGERNAME>CBI 5532547292</LEDGERNAME>
                <AMOUNT>-316</AMOUNT>
     <BILLALLOCATIONS.LIST>
                    <NAME>DIN202400369</NAME>
                    <BILLTYPE>New Ref</BILLTYPE>
                    <BILLCREDITPERIOD/>
                    <AMOUNT>-316
                    </AMOUNT>
                </BILLALLOCATIONS.LIST>
                 </ALLLEDGERENTRIES.LIST>
       <ALLLEDGERENTRIES.LIST>
                <REMOVEZEROENTRIES>No</REMOVEZEROENTRIES>
                <ISDEEMEDPOSITIVE>Yes</ISDEEMEDPOSITIVE>
                <LEDGERFROMITEM>No</LEDGERFROMITEM><BILLALLOCATIONS.LIST>
                    <NAME>DIN202400369</NAME>
                    <BILLTYPE>New Ref</BILLTYPE>
                    <BILLCREDITPERIOD/>
                    <AMOUNT>-316
                    </AMOUNT>
                </BILLALLOCATIONS.LIST>
            </ALLLEDGERENTRIES.LIST>


        

   <ALLLEDGERENTRIES.LIST>
                <REMOVEZEROENTRIES>No</REMOVEZEROENTRIES>
                <ISDEEMEDPOSITIVE>No</ISDEEMEDPOSITIVE>
                <LEDGERFROMITEM>No</LEDGERFROMITEM>
                <LEDGERNAME>Food @5%</LEDGERNAME>
                <AMOUNT>300</AMOUNT>
            </ALLLEDGERENTRIES.LIST>
            <ALLLEDGERENTRIES.LIST>
                <REMOVEZEROENTRIES>No</REMOVEZEROENTRIES>
                <ISDEEMEDPOSITIVE>No</ISDEEMEDPOSITIVE>
                <LEDGERFROMITEM>No</LEDGERFROMITEM>
                <LEDGERNAME>CGST@2.5%</LEDGERNAME>
                <AMOUNT>8</AMOUNT>
            </ALLLEDGERENTRIES.LIST>
            <ALLLEDGERENTRIES.LIST>
                <REMOVEZEROENTRIES>No</REMOVEZEROENTRIES>
                <ISDEEMEDPOSITIVE>No</ISDEEMEDPOSITIVE>
                <LEDGERFROMITEM>No</LEDGERFROMITEM>
                <LEDGERNAME>SGST@2.5%</LEDGERNAME>
                <AMOUNT>8</AMOUNT>
            </ALLLEDGERENTRIES.LIST>
        
    </VOUCHER>
</TALLYMESSAGE>
<TALLYMESSAGE xmlns:UDF="TallyUDF">
    <VOUCHER VCHTYPE="Counter Sales" ACTION="Create">
        <ISOPTIONAL>No</ISOPTIONAL>
        <USEFORGAINLOSS>No</USEFORGAINLOSS>
        <USEFORCOMPOUND>No</USEFORCOMPOUND>
        <VOUCHERTYPENAME>Counter Sales</VOUCHERTYPENAME>
        <DATE>08-12-2024</DATE>
        <EFFECTIVEDATE>08-12-2024</EFFECTIVEDATE>
        <ISCANCELLED>No</ISCANCELLED>
        <USETRACKINGNUMBER>No</USETRACKINGNUMBER>
        <ISPOSTDATED>No</ISPOSTDATED>
        <ISINVOICE>No</ISINVOICE>
        <DIFFACTUALQTY>No</DIFFACTUALQTY>
        <VOUCHERNUMBER>DIN202400370</VOUCHERNUMBER>
        <REFERENCE>DIN202400370</REFERENCE>
        <PARTYLEDGERNAME></PARTYLEDGERNAME>
      <NARRATION>DIN202400370 GUEST NAME:206,102,103,104,107</NARRATION>

        <UDF:HARYANAVAT.LIST DESC="`HARYANAVAT`"></UDF:HARYANAVAT.LIST><ALLLEDGERENTRIES.LIST>
                <REMOVEZEROENTRIES>No</REMOVEZEROENTRIES>
                <ISDEEMEDPOSITIVE>Yes</ISDEEMEDPOSITIVE>
                <LEDGERFROMITEM>No</LEDGERFROMITEM><LEDGERNAME>Cash</LEDGERNAME>
                <AMOUNT>-2058</AMOUNT>
     <BILLALLOCATIONS.LIST>
                    <NAME>DIN202400370</NAME>
                    <BILLTYPE>New Ref</BILLTYPE>
                    <BILLCREDITPERIOD/>
                    <AMOUNT>-2058
                    </AMOUNT>
                </BILLALLOCATIONS.LIST>
                 </ALLLEDGERENTRIES.LIST>
       <ALLLEDGERENTRIES.LIST>
                <REMOVEZEROENTRIES>No</REMOVEZEROENTRIES>
                <ISDEEMEDPOSITIVE>Yes</ISDEEMEDPOSITIVE>
                <LEDGERFROMITEM>No</LEDGERFROMITEM><BILLALLOCATIONS.LIST>
                    <NAME>DIN202400370</NAME>
                    <BILLTYPE>New Ref</BILLTYPE>
                    <BILLCREDITPERIOD/>
                    <AMOUNT>-2058
                    </AMOUNT>
                </BILLALLOCATIONS.LIST>
            </ALLLEDGERENTRIES.LIST>


        

   <ALLLEDGERENTRIES.LIST>
                <REMOVEZEROENTRIES>No</REMOVEZEROENTRIES>
                <ISDEEMEDPOSITIVE>No</ISDEEMEDPOSITIVE>
                <LEDGERFROMITEM>No</LEDGERFROMITEM>
                <LEDGERNAME>Food @5%</LEDGERNAME>
                <AMOUNT>1960</AMOUNT>
            </ALLLEDGERENTRIES.LIST>
            <ALLLEDGERENTRIES.LIST>
                <REMOVEZEROENTRIES>No</REMOVEZEROENTRIES>
                <ISDEEMEDPOSITIVE>No</ISDEEMEDPOSITIVE>
                <LEDGERFROMITEM>No</LEDGERFROMITEM>
                <LEDGERNAME>CGST@2.5%</LEDGERNAME>
                <AMOUNT>49</AMOUNT>
            </ALLLEDGERENTRIES.LIST>
            <ALLLEDGERENTRIES.LIST>
                <REMOVEZEROENTRIES>No</REMOVEZEROENTRIES>
                <ISDEEMEDPOSITIVE>No</ISDEEMEDPOSITIVE>
                <LEDGERFROMITEM>No</LEDGERFROMITEM>
                <LEDGERNAME>SGST@2.5%</LEDGERNAME>
                <AMOUNT>49</AMOUNT>
            </ALLLEDGERENTRIES.LIST>
        
    </VOUCHER>
</TALLYMESSAGE>
<TALLYMESSAGE xmlns:UDF="TallyUDF">
    <VOUCHER VCHTYPE="Counter Sales" ACTION="Create">
        <ISOPTIONAL>No</ISOPTIONAL>
        <USEFORGAINLOSS>No</USEFORGAINLOSS>
        <USEFORCOMPOUND>No</USEFORCOMPOUND>
        <VOUCHERTYPENAME>Counter Sales</VOUCHERTYPENAME>
        <DATE>09-12-2024</DATE>
        <EFFECTIVEDATE>09-12-2024</EFFECTIVEDATE>
        <ISCANCELLED>No</ISCANCELLED>
        <USETRACKINGNUMBER>No</USETRACKINGNUMBER>
        <ISPOSTDATED>No</ISPOSTDATED>
        <ISINVOICE>No</ISINVOICE>
        <DIFFACTUALQTY>No</DIFFACTUALQTY>
        <VOUCHERNUMBER>DIN202400371</VOUCHERNUMBER>
        <REFERENCE>DIN202400371</REFERENCE>
        <PARTYLEDGERNAME></PARTYLEDGERNAME>
      <NARRATION>DIN202400371 GUEST NAME:203,204</NARRATION>

        <UDF:HARYANAVAT.LIST DESC="`HARYANAVAT`"></UDF:HARYANAVAT.LIST><ALLLEDGERENTRIES.LIST>
                <REMOVEZEROENTRIES>No</REMOVEZEROENTRIES>
                <ISDEEMEDPOSITIVE>Yes</ISDEEMEDPOSITIVE>
                <LEDGERFROMITEM>No</LEDGERFROMITEM><LEDGERNAME>Cash</LEDGERNAME>
                <AMOUNT>-2940</AMOUNT>
     <BILLALLOCATIONS.LIST>
                    <NAME>DIN202400371</NAME>
                    <BILLTYPE>New Ref</BILLTYPE>
                    <BILLCREDITPERIOD/>
                    <AMOUNT>-2940
                    </AMOUNT>
                </BILLALLOCATIONS.LIST>
                 </ALLLEDGERENTRIES.LIST>
       <ALLLEDGERENTRIES.LIST>
                <REMOVEZEROENTRIES>No</REMOVEZEROENTRIES>
                <ISDEEMEDPOSITIVE>Yes</ISDEEMEDPOSITIVE>
                <LEDGERFROMITEM>No</LEDGERFROMITEM><BILLALLOCATIONS.LIST>
                    <NAME>DIN202400371</NAME>
                    <BILLTYPE>New Ref</BILLTYPE>
                    <BILLCREDITPERIOD/>
                    <AMOUNT>-2940
                    </AMOUNT>
                </BILLALLOCATIONS.LIST>
            </ALLLEDGERENTRIES.LIST>


        

   <ALLLEDGERENTRIES.LIST>
                <REMOVEZEROENTRIES>No</REMOVEZEROENTRIES>
                <ISDEEMEDPOSITIVE>No</ISDEEMEDPOSITIVE>
                <LEDGERFROMITEM>No</LEDGERFROMITEM>
                <LEDGERNAME>Food @5%</LEDGERNAME>
                <AMOUNT>2800</AMOUNT>
            </ALLLEDGERENTRIES.LIST>
            <ALLLEDGERENTRIES.LIST>
                <REMOVEZEROENTRIES>No</REMOVEZEROENTRIES>
                <ISDEEMEDPOSITIVE>No</ISDEEMEDPOSITIVE>
                <LEDGERFROMITEM>No</LEDGERFROMITEM>
                <LEDGERNAME>CGST@2.5%</LEDGERNAME>
                <AMOUNT>70</AMOUNT>
            </ALLLEDGERENTRIES.LIST>
            <ALLLEDGERENTRIES.LIST>
                <REMOVEZEROENTRIES>No</REMOVEZEROENTRIES>
                <ISDEEMEDPOSITIVE>No</ISDEEMEDPOSITIVE>
                <LEDGERFROMITEM>No</LEDGERFROMITEM>
                <LEDGERNAME>SGST@2.5%</LEDGERNAME>
                <AMOUNT>70</AMOUNT>
            </ALLLEDGERENTRIES.LIST>
        
    </VOUCHER>
</TALLYMESSAGE>
<TALLYMESSAGE xmlns:UDF="TallyUDF">
    <VOUCHER VCHTYPE="Counter Sales" ACTION="Create">
        <ISOPTIONAL>No</ISOPTIONAL>
        <USEFORGAINLOSS>No</USEFORGAINLOSS>
        <USEFORCOMPOUND>No</USEFORCOMPOUND>
        <VOUCHERTYPENAME>Counter Sales</VOUCHERTYPENAME>
        <DATE>10-12-2024</DATE>
        <EFFECTIVEDATE>10-12-2024</EFFECTIVEDATE>
        <ISCANCELLED>No</ISCANCELLED>
        <USETRACKINGNUMBER>No</USETRACKINGNUMBER>
        <ISPOSTDATED>No</ISPOSTDATED>
        <ISINVOICE>No</ISINVOICE>
        <DIFFACTUALQTY>No</DIFFACTUALQTY>
        <VOUCHERNUMBER>DIN202400372</VOUCHERNUMBER>
        <REFERENCE>DIN202400372</REFERENCE>
        <PARTYLEDGERNAME></PARTYLEDGERNAME>
      <NARRATION>DIN202400372 GUEST NAME:Anbazhagan A</NARRATION>

        <UDF:HARYANAVAT.LIST DESC="`HARYANAVAT`"></UDF:HARYANAVAT.LIST><ALLLEDGERENTRIES.LIST>
                <REMOVEZEROENTRIES>No</REMOVEZEROENTRIES>
                <ISDEEMEDPOSITIVE>Yes</ISDEEMEDPOSITIVE>
                <LEDGERFROMITEM>No</LEDGERFROMITEM><LEDGERNAME>Cash</LEDGERNAME>
                <AMOUNT>-7120</AMOUNT>
     <BILLALLOCATIONS.LIST>
                    <NAME>DIN202400372</NAME>
                    <BILLTYPE>New Ref</BILLTYPE>
                    <BILLCREDITPERIOD/>
                    <AMOUNT>-7120
                    </AMOUNT>
                </BILLALLOCATIONS.LIST>
                 </ALLLEDGERENTRIES.LIST>
       <ALLLEDGERENTRIES.LIST>
                <REMOVEZEROENTRIES>No</REMOVEZEROENTRIES>
                <ISDEEMEDPOSITIVE>Yes</ISDEEMEDPOSITIVE>
                <LEDGERFROMITEM>No</LEDGERFROMITEM><BILLALLOCATIONS.LIST>
                    <NAME>DIN202400372</NAME>
                    <BILLTYPE>New Ref</BILLTYPE>
                    <BILLCREDITPERIOD/>
                    <AMOUNT>-7120
                    </AMOUNT>
                </BILLALLOCATIONS.LIST>
            </ALLLEDGERENTRIES.LIST>


        

   <ALLLEDGERENTRIES.LIST>
                <REMOVEZEROENTRIES>No</REMOVEZEROENTRIES>
                <ISDEEMEDPOSITIVE>No</ISDEEMEDPOSITIVE>
                <LEDGERFROMITEM>No</LEDGERFROMITEM>
                <LEDGERNAME>Food @5%</LEDGERNAME>
                <AMOUNT>6780</AMOUNT>
            </ALLLEDGERENTRIES.LIST>
            <ALLLEDGERENTRIES.LIST>
                <REMOVEZEROENTRIES>No</REMOVEZEROENTRIES>
                <ISDEEMEDPOSITIVE>No</ISDEEMEDPOSITIVE>
                <LEDGERFROMITEM>No</LEDGERFROMITEM>
                <LEDGERNAME>CGST@2.5%</LEDGERNAME>
                <AMOUNT>170</AMOUNT>
            </ALLLEDGERENTRIES.LIST>
            <ALLLEDGERENTRIES.LIST>
                <REMOVEZEROENTRIES>No</REMOVEZEROENTRIES>
                <ISDEEMEDPOSITIVE>No</ISDEEMEDPOSITIVE>
                <LEDGERFROMITEM>No</LEDGERFROMITEM>
                <LEDGERNAME>SGST@2.5%</LEDGERNAME>
                <AMOUNT>170</AMOUNT>
            </ALLLEDGERENTRIES.LIST>
        
    </VOUCHER>
</TALLYMESSAGE>
<TALLYMESSAGE xmlns:UDF="TallyUDF">
    <VOUCHER VCHTYPE="Counter Sales" ACTION="Create">
        <ISOPTIONAL>No</ISOPTIONAL>
        <USEFORGAINLOSS>No</USEFORGAINLOSS>
        <USEFORCOMPOUND>No</USEFORCOMPOUND>
        <VOUCHERTYPENAME>Counter Sales</VOUCHERTYPENAME>
        <DATE>10-12-2024</DATE>
        <EFFECTIVEDATE>10-12-2024</EFFECTIVEDATE>
        <ISCANCELLED>No</ISCANCELLED>
        <USETRACKINGNUMBER>No</USETRACKINGNUMBER>
        <ISPOSTDATED>No</ISPOSTDATED>
        <ISINVOICE>No</ISINVOICE>
        <DIFFACTUALQTY>No</DIFFACTUALQTY>
        <VOUCHERNUMBER>DIN202400373</VOUCHERNUMBER>
        <REFERENCE>DIN202400373</REFERENCE>
        <PARTYLEDGERNAME></PARTYLEDGERNAME>
      <NARRATION>DIN202400373 GUEST NAME:217</NARRATION>

        <UDF:HARYANAVAT.LIST DESC="`HARYANAVAT`"></UDF:HARYANAVAT.LIST><ALLLEDGERENTRIES.LIST>
                <REMOVEZEROENTRIES>No</REMOVEZEROENTRIES>
                <ISDEEMEDPOSITIVE>Yes</ISDEEMEDPOSITIVE>
                <LEDGERFROMITEM>No</LEDGERFROMITEM><LEDGERNAME>Society  of DMI </LEDGERNAME>
                <AMOUNT>-840</AMOUNT>
     <BILLALLOCATIONS.LIST>
                    <NAME>DIN202400373</NAME>
                    <BILLTYPE>New Ref</BILLTYPE>
                    <BILLCREDITPERIOD/>
                    <AMOUNT>-840
                    </AMOUNT>
                </BILLALLOCATIONS.LIST>
                 </ALLLEDGERENTRIES.LIST>
       <ALLLEDGERENTRIES.LIST>
                <REMOVEZEROENTRIES>No</REMOVEZEROENTRIES>
                <ISDEEMEDPOSITIVE>Yes</ISDEEMEDPOSITIVE>
                <LEDGERFROMITEM>No</LEDGERFROMITEM><BILLALLOCATIONS.LIST>
                    <NAME>DIN202400373</NAME>
                    <BILLTYPE>New Ref</BILLTYPE>
                    <BILLCREDITPERIOD/>
                    <AMOUNT>-840
                    </AMOUNT>
                </BILLALLOCATIONS.LIST>
            </ALLLEDGERENTRIES.LIST>


        

   <ALLLEDGERENTRIES.LIST>
                <REMOVEZEROENTRIES>No</REMOVEZEROENTRIES>
                <ISDEEMEDPOSITIVE>No</ISDEEMEDPOSITIVE>
                <LEDGERFROMITEM>No</LEDGERFROMITEM>
                <LEDGERNAME>Food @5%</LEDGERNAME>
                <AMOUNT>800</AMOUNT>
            </ALLLEDGERENTRIES.LIST>
            <ALLLEDGERENTRIES.LIST>
                <REMOVEZEROENTRIES>No</REMOVEZEROENTRIES>
                <ISDEEMEDPOSITIVE>No</ISDEEMEDPOSITIVE>
                <LEDGERFROMITEM>No</LEDGERFROMITEM>
                <LEDGERNAME>CGST@2.5%</LEDGERNAME>
                <AMOUNT>20</AMOUNT>
            </ALLLEDGERENTRIES.LIST>
            <ALLLEDGERENTRIES.LIST>
                <REMOVEZEROENTRIES>No</REMOVEZEROENTRIES>
                <ISDEEMEDPOSITIVE>No</ISDEEMEDPOSITIVE>
                <LEDGERFROMITEM>No</LEDGERFROMITEM>
                <LEDGERNAME>SGST@2.5%</LEDGERNAME>
                <AMOUNT>20</AMOUNT>
            </ALLLEDGERENTRIES.LIST>
        
    </VOUCHER>
</TALLYMESSAGE>
    <TALLYMESSAGE xmlns:UDF="TallyUDF">
        <VOUCHER VCHTYPE="Counter Sales" ACTION="Create">
            <ISOPTIONAL>No</ISOPTIONAL>
            <USEFORGAINLOSS>No</USEFORGAINLOSS>
            <USEFORCOMPOUND>No</USEFORCOMPOUND>
            <VOUCHERTYPENAME>Counter Sales</VOUCHERTYPENAME>
            <DATE>01/12/2024</DATE>
            <EFFECTIVEDATE>01/12/2024</EFFECTIVEDATE>
            <ISCANCELLED>No</ISCANCELLED>
            <USETRACKINGNUMBER>No</USETRACKINGNUMBER>
            <ISPOSTDATED>No</ISPOSTDATED>
            <ISINVOICE>No</ISINVOICE>
            <DIFFACTUALQTY>No</DIFFACTUALQTY>
            <VOUCHERNUMBER>BQT-02400040</VOUCHERNUMBER>
            <REFERENCE>BQT-02400040</REFERENCE>
            <PARTYLEDGERNAME></PARTYLEDGERNAME>
            <NARRATION>FO BILL: BQT-02400040 GUEST NAME: FOUNDATION OF HIS SACRED MAJESTY; Arr.Dt:01/12/2024; Dep.Dt:01/12/2024; Roomno: : Recpt#: BQT-02400040</NARRATION>
            <UDF:HARYANAVAT.LIST DESC="`HARYANAVAT`"></UDF:HARYANAVAT.LIST>
            <ALLLEDGERENTRIES.LIST>
                <REMOVEZEROENTRIES>No</REMOVEZEROENTRIES>
                <ISDEEMEDPOSITIVE>Yes</ISDEEMEDPOSITIVE>
                <LEDGERFROMITEM>No</LEDGERFROMITEM>
    </ALLLEDGERENTRIES.LIST>
     <ALLLEDGERENTRIES.LIST>
                <REMOVEZEROENTRIES>No</REMOVEZEROENTRIES>
                <ISDEEMEDPOSITIVE>Yes</ISDEEMEDPOSITIVE>
                <LEDGERFROMITEM>No</LEDGERFROMITEM><LEDGERNAME>FOUNDATION OF HIS SACRED MAJESTY</LEDGERNAME>
                <AMOUNT>-10000.00</AMOUNT><BILLALLOCATIONS.LIST>
                    <NAME>BQT-02400040</NAME>
                    <BILLTYPE>New Ref</BILLTYPE>
                    <BILLCREDITPERIOD/>
                    <AMOUNT>-10000.00
                    </AMOUNT>
                </BILLALLOCATIONS.LIST>
            </ALLLEDGERENTRIES.LIST><ALLLEDGERENTRIES.LIST>
                <REMOVEZEROENTRIES>No</REMOVEZEROENTRIES>
                <ISDEEMEDPOSITIVE>No</ISDEEMEDPOSITIVE>
                <LEDGERFROMITEM>No</LEDGERFROMITEM>
                <LEDGERNAME>BANQUETS-RATE</LEDGERNAME>
                <AMOUNT>8474</AMOUNT>
            </ALLLEDGERENTRIES.LIST>
            <ALLLEDGERENTRIES.LIST>
                <REMOVEZEROENTRIES>No</REMOVEZEROENTRIES>
                <ISDEEMEDPOSITIVE>No</ISDEEMEDPOSITIVE>
                <LEDGERFROMITEM>No</LEDGERFROMITEM>
                <LEDGERNAME>CGST@9%</LEDGERNAME>
                <AMOUNT>763</AMOUNT>
            </ALLLEDGERENTRIES.LIST>
            <ALLLEDGERENTRIES.LIST>
                <REMOVEZEROENTRIES>No</REMOVEZEROENTRIES>
                <ISDEEMEDPOSITIVE>No</ISDEEMEDPOSITIVE>
                <LEDGERFROMITEM>No</LEDGERFROMITEM>
                <LEDGERNAME>SGST@9%</LEDGERNAME>
                <AMOUNT>763</AMOUNT>
            </ALLLEDGERENTRIES.LIST>
        </VOUCHER>
    </TALLYMESSAGE>
    <TALLYMESSAGE xmlns:UDF="TallyUDF">
        <VOUCHER VCHTYPE="Counter Sales" ACTION="Create">
            <ISOPTIONAL>No</ISOPTIONAL>
            <USEFORGAINLOSS>No</USEFORGAINLOSS>
            <USEFORCOMPOUND>No</USEFORCOMPOUND>
            <VOUCHERTYPENAME>Counter Sales</VOUCHERTYPENAME>
            <DATE>01/12/2024</DATE>
            <EFFECTIVEDATE>01/12/2024</EFFECTIVEDATE>
            <ISCANCELLED>No</ISCANCELLED>
            <USETRACKINGNUMBER>No</USETRACKINGNUMBER>
            <ISPOSTDATED>No</ISPOSTDATED>
            <ISINVOICE>No</ISINVOICE>
            <DIFFACTUALQTY>No</DIFFACTUALQTY>
            <VOUCHERNUMBER>BQT-02400039</VOUCHERNUMBER>
            <REFERENCE>BQT-02400039</REFERENCE>
            <PARTYLEDGERNAME></PARTYLEDGERNAME>
            <NARRATION>FO BILL: BQT-02400039 GUEST NAME: FOUNDATION OF HIS SACRED MAJESTY; Arr.Dt:01/12/2024; Dep.Dt:01/12/2024; Roomno: : Recpt#: BQT-02400039</NARRATION>
            <UDF:HARYANAVAT.LIST DESC="`HARYANAVAT`"></UDF:HARYANAVAT.LIST>
            <ALLLEDGERENTRIES.LIST>
                <REMOVEZEROENTRIES>No</REMOVEZEROENTRIES>
                <ISDEEMEDPOSITIVE>Yes</ISDEEMEDPOSITIVE>
                <LEDGERFROMITEM>No</LEDGERFROMITEM>
    </ALLLEDGERENTRIES.LIST>
     <ALLLEDGERENTRIES.LIST>
                <REMOVEZEROENTRIES>No</REMOVEZEROENTRIES>
                <ISDEEMEDPOSITIVE>Yes</ISDEEMEDPOSITIVE>
                <LEDGERFROMITEM>No</LEDGERFROMITEM><LEDGERNAME>FOUNDATION OF HIS SACRED MAJESTY</LEDGERNAME>
                <AMOUNT>-8850.00</AMOUNT><BILLALLOCATIONS.LIST>
                    <NAME>BQT-02400039</NAME>
                    <BILLTYPE>New Ref</BILLTYPE>
                    <BILLCREDITPERIOD/>
                    <AMOUNT>-8850.00
                    </AMOUNT>
                </BILLALLOCATIONS.LIST>
            </ALLLEDGERENTRIES.LIST><ALLLEDGERENTRIES.LIST>
                <REMOVEZEROENTRIES>No</REMOVEZEROENTRIES>
                <ISDEEMEDPOSITIVE>No</ISDEEMEDPOSITIVE>
                <LEDGERFROMITEM>No</LEDGERFROMITEM>
                <LEDGERNAME>BANQUETS-RATE</LEDGERNAME>
                <AMOUNT>7500</AMOUNT>
            </ALLLEDGERENTRIES.LIST>
            <ALLLEDGERENTRIES.LIST>
                <REMOVEZEROENTRIES>No</REMOVEZEROENTRIES>
                <ISDEEMEDPOSITIVE>No</ISDEEMEDPOSITIVE>
                <LEDGERFROMITEM>No</LEDGERFROMITEM>
                <LEDGERNAME>CGST@9%</LEDGERNAME>
                <AMOUNT>675</AMOUNT>
            </ALLLEDGERENTRIES.LIST>
            <ALLLEDGERENTRIES.LIST>
                <REMOVEZEROENTRIES>No</REMOVEZEROENTRIES>
                <ISDEEMEDPOSITIVE>No</ISDEEMEDPOSITIVE>
                <LEDGERFROMITEM>No</LEDGERFROMITEM>
                <LEDGERNAME>SGST@9%</LEDGERNAME>
                <AMOUNT>675</AMOUNT>
            </ALLLEDGERENTRIES.LIST>
        </VOUCHER>
    </TALLYMESSAGE>
    <TALLYMESSAGE xmlns:UDF="TallyUDF">
        <VOUCHER VCHTYPE="Counter Sales" ACTION="Create">
            <ISOPTIONAL>No</ISOPTIONAL>
            <USEFORGAINLOSS>No</USEFORGAINLOSS>
            <USEFORCOMPOUND>No</USEFORCOMPOUND>
            <VOUCHERTYPENAME>Counter Sales</VOUCHERTYPENAME>
            <DATE>03/12/2024</DATE>
            <EFFECTIVEDATE>03/12/2024</EFFECTIVEDATE>
            <ISCANCELLED>No</ISCANCELLED>
            <USETRACKINGNUMBER>No</USETRACKINGNUMBER>
            <ISPOSTDATED>No</ISPOSTDATED>
            <ISINVOICE>No</ISINVOICE>
            <DIFFACTUALQTY>No</DIFFACTUALQTY>
            <VOUCHERNUMBER>BQT-02400041</VOUCHERNUMBER>
            <REFERENCE>BQT-02400041</REFERENCE>
            <PARTYLEDGERNAME></PARTYLEDGERNAME>
            <NARRATION>FO BILL: BQT-02400041 GUEST NAME: FOUNDATION OF HIS SACRED MAJESTY; Arr.Dt:02/12/2024; Dep.Dt:03/12/2024; Roomno: : Recpt#: BQT-02400041</NARRATION>
            <UDF:HARYANAVAT.LIST DESC="`HARYANAVAT`"></UDF:HARYANAVAT.LIST>
            <ALLLEDGERENTRIES.LIST>
                <REMOVEZEROENTRIES>No</REMOVEZEROENTRIES>
                <ISDEEMEDPOSITIVE>Yes</ISDEEMEDPOSITIVE>
                <LEDGERFROMITEM>No</LEDGERFROMITEM>
    </ALLLEDGERENTRIES.LIST>
     <ALLLEDGERENTRIES.LIST>
                <REMOVEZEROENTRIES>No</REMOVEZEROENTRIES>
                <ISDEEMEDPOSITIVE>Yes</ISDEEMEDPOSITIVE>
                <LEDGERFROMITEM>No</LEDGERFROMITEM><LEDGERNAME>FOUNDATION OF HIS SACRED MAJESTY</LEDGERNAME>
                <AMOUNT>-42480.00</AMOUNT><BILLALLOCATIONS.LIST>
                    <NAME>BQT-02400041</NAME>
                    <BILLTYPE>New Ref</BILLTYPE>
                    <BILLCREDITPERIOD/>
                    <AMOUNT>-42480.00
                    </AMOUNT>
                </BILLALLOCATIONS.LIST>
            </ALLLEDGERENTRIES.LIST><ALLLEDGERENTRIES.LIST>
                <REMOVEZEROENTRIES>No</REMOVEZEROENTRIES>
                <ISDEEMEDPOSITIVE>No</ISDEEMEDPOSITIVE>
                <LEDGERFROMITEM>No</LEDGERFROMITEM>
                <LEDGERNAME>BANQUETS-RATE</LEDGERNAME>
                <AMOUNT>36000</AMOUNT>
            </ALLLEDGERENTRIES.LIST>
            <ALLLEDGERENTRIES.LIST>
                <REMOVEZEROENTRIES>No</REMOVEZEROENTRIES>
                <ISDEEMEDPOSITIVE>No</ISDEEMEDPOSITIVE>
                <LEDGERFROMITEM>No</LEDGERFROMITEM>
                <LEDGERNAME>CGST@9%</LEDGERNAME>
                <AMOUNT>3240</AMOUNT>
            </ALLLEDGERENTRIES.LIST>
            <ALLLEDGERENTRIES.LIST>
                <REMOVEZEROENTRIES>No</REMOVEZEROENTRIES>
                <ISDEEMEDPOSITIVE>No</ISDEEMEDPOSITIVE>
                <LEDGERFROMITEM>No</LEDGERFROMITEM>
                <LEDGERNAME>SGST@9%</LEDGERNAME>
                <AMOUNT>3240</AMOUNT>
            </ALLLEDGERENTRIES.LIST>
        </VOUCHER>
    </TALLYMESSAGE></REQUESTDATA>
        </IMPORTDATA>
    </BODY>
</ENVELOPE>