<?xml version="1.0" encoding="ISO-8859-1"?>
<ENVELOPE>
    <HEADER>
        <TALLYREQUEST>Import Data</TALLYREQUEST>
    </HEADER>
    <BODY>
        <IMPORTDATA>
            <REQUESTDESC>
                <REPORTNAME>TALLY INTERFACE</REPORTNAME>
                <STATICVARIABLES>
                    <SVCURRENTCOMPANY>Blue Nile properties pvt ltd-Joe Beach Resort</SVCURRENTCOMPANY>
                </STATICVARIABLES>
            </REQUESTDESC>
            <REQUESTDATA>
    <TALLYMESSAGE xmlns:UDF="TallyUDF">
        <VOUCHER VCHTYPE="Counter Sales" ACTION="Create">
            <ISOPTIONAL>No</ISOPTIONAL>
            <USEFORGAINLOSS>No</USEFORGAINLOSS>
            <USEFORCOMPOUND>No</USEFORCOMPOUND>
            <VOUCHERTYPENAME>Counter Sales</VOUCHERTYPENAME>
            <DATE>17/11/2024</DATE>
            <EFFECTIVEDATE>17/11/2024</EFFECTIVEDATE>
            <ISCANCELLED>No</ISCANCELLED>
            <USETRACKINGNUMBER>No</USETRACKINGNUMBER>
            <ISPOSTDATED>No</ISPOSTDATED>
            <ISINVOICE>No</ISINVOICE>
            <DIFFACTUALQTY>No</DIFFACTUALQTY>
            <VOUCHERNUMBER>FO-202400440</VOUCHERNUMBER>
            <REFERENCE>FO-202400440</REFERENCE>
            <PARTYLEDGERNAME></PARTYLEDGERNAME>
            <NARRATION>FO BILL: FO-202400440 GUEST NAME: Mr JOCHEN TEWES ; Arr.Dt:15/11/2024; Dep.Dt:17/11/2024; Roomno:214 : Recpt#: FO-202400440</NARRATION>
            <UDF:HARYANAVAT.LIST DESC="`HARYANAVAT`"></UDF:HARYANAVAT.LIST><ALLLEDGERENTRIES.LIST>
                <REMOVEZEROENTRIES>No</REMOVEZEROENTRIES>
                <ISDEEMEDPOSITIVE>Yes</ISDEEMEDPOSITIVE>
                <LEDGERFROMITEM>No</LEDGERFROMITEM><LEDGERNAME>Cash</LEDGERNAME>
                <AMOUNT>-5600.00</AMOUNT></ALLLEDGERENTRIES.LIST>  <ALLLEDGERENTRIES.LIST>
                <REMOVEZEROENTRIES>No</REMOVEZEROENTRIES>
                <ISDEEMEDPOSITIVE>No</ISDEEMEDPOSITIVE>
                <LEDGERFROMITEM>No</LEDGERFROMITEM>
                <LEDGERNAME>TARIFF</LEDGERNAME>
                <AMOUNT>5000</AMOUNT>
            </ALLLEDGERENTRIES.LIST>
            <ALLLEDGERENTRIES.LIST>
                <REMOVEZEROENTRIES>No</REMOVEZEROENTRIES>
                <ISDEEMEDPOSITIVE>No</ISDEEMEDPOSITIVE>
                <LEDGERFROMITEM>No</LEDGERFROMITEM>
                <LEDGERNAME>CGST@6%</LEDGERNAME>
                <AMOUNT>300</AMOUNT>
            </ALLLEDGERENTRIES.LIST>
            <ALLLEDGERENTRIES.LIST>
                <REMOVEZEROENTRIES>No</REMOVEZEROENTRIES>
                <ISDEEMEDPOSITIVE>No</ISDEEMEDPOSITIVE>
                <LEDGERFROMITEM>No</LEDGERFROMITEM>
                <LEDGERNAME>SGST@6%</LEDGERNAME>
                <AMOUNT>300</AMOUNT>
            </ALLLEDGERENTRIES.LIST>
        </VOUCHER>
    </TALLYMESSAGE>
    <TALLYMESSAGE xmlns:UDF="TallyUDF">
        <VOUCHER VCHTYPE="Counter Sales" ACTION="Create">
            <ISOPTIONAL>No</ISOPTIONAL>
            <USEFORGAINLOSS>No</USEFORGAINLOSS>
            <USEFORCOMPOUND>No</USEFORCOMPOUND>
            <VOUCHERTYPENAME>Counter Sales</VOUCHERTYPENAME>
            <DATE>17/11/2024</DATE>
            <EFFECTIVEDATE>17/11/2024</EFFECTIVEDATE>
            <ISCANCELLED>No</ISCANCELLED>
            <USETRACKINGNUMBER>No</USETRACKINGNUMBER>
            <ISPOSTDATED>No</ISPOSTDATED>
            <ISINVOICE>No</ISINVOICE>
            <DIFFACTUALQTY>No</DIFFACTUALQTY>
            <VOUCHERNUMBER>FO-202400441</VOUCHERNUMBER>
            <REFERENCE>FO-202400441</REFERENCE>
            <PARTYLEDGERNAME></PARTYLEDGERNAME>
            <NARRATION>FO BILL: FO-202400441 GUEST NAME: THE LORD'S  ASSEMBLY; Arr.Dt:16/11/2024; Dep.Dt:17/11/2024; Roomno:306 : Recpt#: FO-202400441</NARRATION>
            <UDF:HARYANAVAT.LIST DESC="`HARYANAVAT`"></UDF:HARYANAVAT.LIST><ALLLEDGERENTRIES.LIST>
                <REMOVEZEROENTRIES>No</REMOVEZEROENTRIES>
                <ISDEEMEDPOSITIVE>Yes</ISDEEMEDPOSITIVE>
                <LEDGERFROMITEM>No</LEDGERFROMITEM><LEDGERNAME>CBI 5532547292</LEDGERNAME>
                <AMOUNT>-4088.00</AMOUNT></ALLLEDGERENTRIES.LIST>  <ALLLEDGERENTRIES.LIST>
                <REMOVEZEROENTRIES>No</REMOVEZEROENTRIES>
                <ISDEEMEDPOSITIVE>No</ISDEEMEDPOSITIVE>
                <LEDGERFROMITEM>No</LEDGERFROMITEM>
                <LEDGERNAME>Extra Bed (12%)</LEDGERNAME>
                <AMOUNT>400</AMOUNT>
            </ALLLEDGERENTRIES.LIST>  <ALLLEDGERENTRIES.LIST>
                <REMOVEZEROENTRIES>No</REMOVEZEROENTRIES>
                <ISDEEMEDPOSITIVE>No</ISDEEMEDPOSITIVE>
                <LEDGERFROMITEM>No</LEDGERFROMITEM>
                <LEDGERNAME>TARIFF</LEDGERNAME>
                <AMOUNT>3250</AMOUNT>
            </ALLLEDGERENTRIES.LIST>
            <ALLLEDGERENTRIES.LIST>
                <REMOVEZEROENTRIES>No</REMOVEZEROENTRIES>
                <ISDEEMEDPOSITIVE>No</ISDEEMEDPOSITIVE>
                <LEDGERFROMITEM>No</LEDGERFROMITEM>
                <LEDGERNAME>CGST@6%</LEDGERNAME>
                <AMOUNT>219</AMOUNT>
            </ALLLEDGERENTRIES.LIST>
            <ALLLEDGERENTRIES.LIST>
                <REMOVEZEROENTRIES>No</REMOVEZEROENTRIES>
                <ISDEEMEDPOSITIVE>No</ISDEEMEDPOSITIVE>
                <LEDGERFROMITEM>No</LEDGERFROMITEM>
                <LEDGERNAME>SGST@6%</LEDGERNAME>
                <AMOUNT>219</AMOUNT>
            </ALLLEDGERENTRIES.LIST>
        </VOUCHER>
    </TALLYMESSAGE>
    <TALLYMESSAGE xmlns:UDF="TallyUDF">
        <VOUCHER VCHTYPE="Counter Sales" ACTION="Create">
            <ISOPTIONAL>No</ISOPTIONAL>
            <USEFORGAINLOSS>No</USEFORGAINLOSS>
            <USEFORCOMPOUND>No</USEFORCOMPOUND>
            <VOUCHERTYPENAME>Counter Sales</VOUCHERTYPENAME>
            <DATE>18/11/2024</DATE>
            <EFFECTIVEDATE>18/11/2024</EFFECTIVEDATE>
            <ISCANCELLED>No</ISCANCELLED>
            <USETRACKINGNUMBER>No</USETRACKINGNUMBER>
            <ISPOSTDATED>No</ISPOSTDATED>
            <ISINVOICE>No</ISINVOICE>
            <DIFFACTUALQTY>No</DIFFACTUALQTY>
            <VOUCHERNUMBER>FO-202400442</VOUCHERNUMBER>
            <REFERENCE>FO-202400442</REFERENCE>
            <PARTYLEDGERNAME></PARTYLEDGERNAME>
            <NARRATION>FO BILL: FO-202400442 GUEST NAME: R RAMESH; Arr.Dt:18/11/2024; Dep.Dt:18/11/2024; Roomno:213,214 : Recpt#: FO-202400442</NARRATION>
            <UDF:HARYANAVAT.LIST DESC="`HARYANAVAT`"></UDF:HARYANAVAT.LIST><ALLLEDGERENTRIES.LIST>
                <REMOVEZEROENTRIES>No</REMOVEZEROENTRIES>
                <ISDEEMEDPOSITIVE>Yes</ISDEEMEDPOSITIVE>
                <LEDGERFROMITEM>No</LEDGERFROMITEM><LEDGERNAME>Cash</LEDGERNAME>
                <AMOUNT>-4200.00</AMOUNT></ALLLEDGERENTRIES.LIST>  <ALLLEDGERENTRIES.LIST>
                <REMOVEZEROENTRIES>No</REMOVEZEROENTRIES>
                <ISDEEMEDPOSITIVE>No</ISDEEMEDPOSITIVE>
                <LEDGERFROMITEM>No</LEDGERFROMITEM>
                <LEDGERNAME>TARIFF</LEDGERNAME>
                <AMOUNT>3750</AMOUNT>
            </ALLLEDGERENTRIES.LIST>
            <ALLLEDGERENTRIES.LIST>
                <REMOVEZEROENTRIES>No</REMOVEZEROENTRIES>
                <ISDEEMEDPOSITIVE>No</ISDEEMEDPOSITIVE>
                <LEDGERFROMITEM>No</LEDGERFROMITEM>
                <LEDGERNAME>CGST@6%</LEDGERNAME>
                <AMOUNT>225</AMOUNT>
            </ALLLEDGERENTRIES.LIST>
            <ALLLEDGERENTRIES.LIST>
                <REMOVEZEROENTRIES>No</REMOVEZEROENTRIES>
                <ISDEEMEDPOSITIVE>No</ISDEEMEDPOSITIVE>
                <LEDGERFROMITEM>No</LEDGERFROMITEM>
                <LEDGERNAME>SGST@6%</LEDGERNAME>
                <AMOUNT>225</AMOUNT>
            </ALLLEDGERENTRIES.LIST>
        </VOUCHER>
    </TALLYMESSAGE>
    <TALLYMESSAGE xmlns:UDF="TallyUDF">
        <VOUCHER VCHTYPE="Counter Sales" ACTION="Create">
            <ISOPTIONAL>No</ISOPTIONAL>
            <USEFORGAINLOSS>No</USEFORGAINLOSS>
            <USEFORCOMPOUND>No</USEFORCOMPOUND>
            <VOUCHERTYPENAME>Counter Sales</VOUCHERTYPENAME>
            <DATE>19/11/2024</DATE>
            <EFFECTIVEDATE>19/11/2024</EFFECTIVEDATE>
            <ISCANCELLED>No</ISCANCELLED>
            <USETRACKINGNUMBER>No</USETRACKINGNUMBER>
            <ISPOSTDATED>No</ISPOSTDATED>
            <ISINVOICE>No</ISINVOICE>
            <DIFFACTUALQTY>No</DIFFACTUALQTY>
            <VOUCHERNUMBER>FO-202400446</VOUCHERNUMBER>
            <REFERENCE>FO-202400446</REFERENCE>
            <PARTYLEDGERNAME></PARTYLEDGERNAME>
            <NARRATION>FO BILL: FO-202400446 GUEST NAME: Immanuvel ; Arr.Dt:19/11/2024; Dep.Dt:19/11/2024; Roomno:109 : Recpt#: FO-202400446</NARRATION>
            <UDF:HARYANAVAT.LIST DESC="`HARYANAVAT`"></UDF:HARYANAVAT.LIST><ALLLEDGERENTRIES.LIST>
                <REMOVEZEROENTRIES>No</REMOVEZEROENTRIES>
                <ISDEEMEDPOSITIVE>Yes</ISDEEMEDPOSITIVE>
                <LEDGERFROMITEM>No</LEDGERFROMITEM><LEDGERNAME>Cash</LEDGERNAME>
                <AMOUNT>-1680.00</AMOUNT></ALLLEDGERENTRIES.LIST>  <ALLLEDGERENTRIES.LIST>
                <REMOVEZEROENTRIES>No</REMOVEZEROENTRIES>
                <ISDEEMEDPOSITIVE>No</ISDEEMEDPOSITIVE>
                <LEDGERFROMITEM>No</LEDGERFROMITEM>
                <LEDGERNAME>TARIFF</LEDGERNAME>
                <AMOUNT>1500</AMOUNT>
            </ALLLEDGERENTRIES.LIST>
            <ALLLEDGERENTRIES.LIST>
                <REMOVEZEROENTRIES>No</REMOVEZEROENTRIES>
                <ISDEEMEDPOSITIVE>No</ISDEEMEDPOSITIVE>
                <LEDGERFROMITEM>No</LEDGERFROMITEM>
                <LEDGERNAME>CGST@6%</LEDGERNAME>
                <AMOUNT>90</AMOUNT>
            </ALLLEDGERENTRIES.LIST>
            <ALLLEDGERENTRIES.LIST>
                <REMOVEZEROENTRIES>No</REMOVEZEROENTRIES>
                <ISDEEMEDPOSITIVE>No</ISDEEMEDPOSITIVE>
                <LEDGERFROMITEM>No</LEDGERFROMITEM>
                <LEDGERNAME>SGST@6%</LEDGERNAME>
                <AMOUNT>90</AMOUNT>
            </ALLLEDGERENTRIES.LIST>
        </VOUCHER>
    </TALLYMESSAGE>
    <TALLYMESSAGE xmlns:UDF="TallyUDF">
        <VOUCHER VCHTYPE="Counter Sales" ACTION="Create">
            <ISOPTIONAL>No</ISOPTIONAL>
            <USEFORGAINLOSS>No</USEFORGAINLOSS>
            <USEFORCOMPOUND>No</USEFORCOMPOUND>
            <VOUCHERTYPENAME>Counter Sales</VOUCHERTYPENAME>
            <DATE>19/11/2024</DATE>
            <EFFECTIVEDATE>19/11/2024</EFFECTIVEDATE>
            <ISCANCELLED>No</ISCANCELLED>
            <USETRACKINGNUMBER>No</USETRACKINGNUMBER>
            <ISPOSTDATED>No</ISPOSTDATED>
            <ISINVOICE>No</ISINVOICE>
            <DIFFACTUALQTY>No</DIFFACTUALQTY>
            <VOUCHERNUMBER>FO-202400445</VOUCHERNUMBER>
            <REFERENCE>FO-202400445</REFERENCE>
            <PARTYLEDGERNAME></PARTYLEDGERNAME>
            <NARRATION>FO BILL: FO-202400445 GUEST NAME: CHRISTTHE KING; Arr.Dt:19/11/2024; Dep.Dt:19/11/2024; Roomno:110 : Recpt#: FO-202400445</NARRATION>
            <UDF:HARYANAVAT.LIST DESC="`HARYANAVAT`"></UDF:HARYANAVAT.LIST><ALLLEDGERENTRIES.LIST>
                <REMOVEZEROENTRIES>No</REMOVEZEROENTRIES>
                <ISDEEMEDPOSITIVE>Yes</ISDEEMEDPOSITIVE>
                <LEDGERFROMITEM>No</LEDGERFROMITEM><LEDGERNAME>CHRISTTHE KING</LEDGERNAME>
                <AMOUNT>-1344.00</AMOUNT></ALLLEDGERENTRIES.LIST>  <ALLLEDGERENTRIES.LIST>
                <REMOVEZEROENTRIES>No</REMOVEZEROENTRIES>
                <ISDEEMEDPOSITIVE>No</ISDEEMEDPOSITIVE>
                <LEDGERFROMITEM>No</LEDGERFROMITEM>
                <LEDGERNAME>TARIFF</LEDGERNAME>
                <AMOUNT>1200</AMOUNT>
            </ALLLEDGERENTRIES.LIST>
            <ALLLEDGERENTRIES.LIST>
                <REMOVEZEROENTRIES>No</REMOVEZEROENTRIES>
                <ISDEEMEDPOSITIVE>No</ISDEEMEDPOSITIVE>
                <LEDGERFROMITEM>No</LEDGERFROMITEM>
                <LEDGERNAME>CGST@6%</LEDGERNAME>
                <AMOUNT>72</AMOUNT>
            </ALLLEDGERENTRIES.LIST>
            <ALLLEDGERENTRIES.LIST>
                <REMOVEZEROENTRIES>No</REMOVEZEROENTRIES>
                <ISDEEMEDPOSITIVE>No</ISDEEMEDPOSITIVE>
                <LEDGERFROMITEM>No</LEDGERFROMITEM>
                <LEDGERNAME>SGST@6%</LEDGERNAME>
                <AMOUNT>72</AMOUNT>
            </ALLLEDGERENTRIES.LIST>
        </VOUCHER>
    </TALLYMESSAGE>
    <TALLYMESSAGE xmlns:UDF="TallyUDF">
        <VOUCHER VCHTYPE="Counter Sales" ACTION="Create">
            <ISOPTIONAL>No</ISOPTIONAL>
            <USEFORGAINLOSS>No</USEFORGAINLOSS>
            <USEFORCOMPOUND>No</USEFORCOMPOUND>
            <VOUCHERTYPENAME>Counter Sales</VOUCHERTYPENAME>
            <DATE>22/11/2024</DATE>
            <EFFECTIVEDATE>22/11/2024</EFFECTIVEDATE>
            <ISCANCELLED>No</ISCANCELLED>
            <USETRACKINGNUMBER>No</USETRACKINGNUMBER>
            <ISPOSTDATED>No</ISPOSTDATED>
            <ISINVOICE>No</ISINVOICE>
            <DIFFACTUALQTY>No</DIFFACTUALQTY>
            <VOUCHERNUMBER>FO-202400447</VOUCHERNUMBER>
            <REFERENCE>FO-202400447</REFERENCE>
            <PARTYLEDGERNAME></PARTYLEDGERNAME>
            <NARRATION>FO BILL: FO-202400447 GUEST NAME: SADHU NITYANAND; Arr.Dt:20/11/2024; Dep.Dt:22/11/2024; Roomno:222 : Recpt#: FO-202400447</NARRATION>
            <UDF:HARYANAVAT.LIST DESC="`HARYANAVAT`"></UDF:HARYANAVAT.LIST><ALLLEDGERENTRIES.LIST>
                <REMOVEZEROENTRIES>No</REMOVEZEROENTRIES>
                <ISDEEMEDPOSITIVE>Yes</ISDEEMEDPOSITIVE>
                <LEDGERFROMITEM>No</LEDGERFROMITEM><LEDGERNAME>Cash</LEDGERNAME>
                <AMOUNT>-3360.00</AMOUNT></ALLLEDGERENTRIES.LIST>  <ALLLEDGERENTRIES.LIST>
                <REMOVEZEROENTRIES>No</REMOVEZEROENTRIES>
                <ISDEEMEDPOSITIVE>No</ISDEEMEDPOSITIVE>
                <LEDGERFROMITEM>No</LEDGERFROMITEM>
                <LEDGERNAME>TARIFF</LEDGERNAME>
                <AMOUNT>3000</AMOUNT>
            </ALLLEDGERENTRIES.LIST>
            <ALLLEDGERENTRIES.LIST>
                <REMOVEZEROENTRIES>No</REMOVEZEROENTRIES>
                <ISDEEMEDPOSITIVE>No</ISDEEMEDPOSITIVE>
                <LEDGERFROMITEM>No</LEDGERFROMITEM>
                <LEDGERNAME>CGST@6%</LEDGERNAME>
                <AMOUNT>180</AMOUNT>
            </ALLLEDGERENTRIES.LIST>
            <ALLLEDGERENTRIES.LIST>
                <REMOVEZEROENTRIES>No</REMOVEZEROENTRIES>
                <ISDEEMEDPOSITIVE>No</ISDEEMEDPOSITIVE>
                <LEDGERFROMITEM>No</LEDGERFROMITEM>
                <LEDGERNAME>SGST@6%</LEDGERNAME>
                <AMOUNT>180</AMOUNT>
            </ALLLEDGERENTRIES.LIST>
        </VOUCHER>
    </TALLYMESSAGE>
    <TALLYMESSAGE xmlns:UDF="TallyUDF">
        <VOUCHER VCHTYPE="Counter Sales" ACTION="Create">
            <ISOPTIONAL>No</ISOPTIONAL>
            <USEFORGAINLOSS>No</USEFORGAINLOSS>
            <USEFORCOMPOUND>No</USEFORCOMPOUND>
            <VOUCHERTYPENAME>Counter Sales</VOUCHERTYPENAME>
            <DATE>23/11/2024</DATE>
            <EFFECTIVEDATE>23/11/2024</EFFECTIVEDATE>
            <ISCANCELLED>No</ISCANCELLED>
            <USETRACKINGNUMBER>No</USETRACKINGNUMBER>
            <ISPOSTDATED>No</ISPOSTDATED>
            <ISINVOICE>No</ISINVOICE>
            <DIFFACTUALQTY>No</DIFFACTUALQTY>
            <VOUCHERNUMBER>FO-202400454</VOUCHERNUMBER>
            <REFERENCE>FO-202400454</REFERENCE>
            <PARTYLEDGERNAME></PARTYLEDGERNAME>
            <NARRATION>FO BILL: FO-202400454 GUEST NAME: SUCARI SUCARI; Arr.Dt:22/11/2024; Dep.Dt:23/11/2024; Roomno:201 : Recpt#: FO-202400454</NARRATION>
            <UDF:HARYANAVAT.LIST DESC="`HARYANAVAT`"></UDF:HARYANAVAT.LIST><ALLLEDGERENTRIES.LIST>
                <REMOVEZEROENTRIES>No</REMOVEZEROENTRIES>
                <ISDEEMEDPOSITIVE>Yes</ISDEEMEDPOSITIVE>
                <LEDGERFROMITEM>No</LEDGERFROMITEM><LEDGERNAME>Cash</LEDGERNAME>
                <AMOUNT>-2520.00</AMOUNT></ALLLEDGERENTRIES.LIST>  <ALLLEDGERENTRIES.LIST>
                <REMOVEZEROENTRIES>No</REMOVEZEROENTRIES>
                <ISDEEMEDPOSITIVE>No</ISDEEMEDPOSITIVE>
                <LEDGERFROMITEM>No</LEDGERFROMITEM>
                <LEDGERNAME>TARIFF</LEDGERNAME>
                <AMOUNT>2250</AMOUNT>
            </ALLLEDGERENTRIES.LIST>
            <ALLLEDGERENTRIES.LIST>
                <REMOVEZEROENTRIES>No</REMOVEZEROENTRIES>
                <ISDEEMEDPOSITIVE>No</ISDEEMEDPOSITIVE>
                <LEDGERFROMITEM>No</LEDGERFROMITEM>
                <LEDGERNAME>CGST@6%</LEDGERNAME>
                <AMOUNT>135</AMOUNT>
            </ALLLEDGERENTRIES.LIST>
            <ALLLEDGERENTRIES.LIST>
                <REMOVEZEROENTRIES>No</REMOVEZEROENTRIES>
                <ISDEEMEDPOSITIVE>No</ISDEEMEDPOSITIVE>
                <LEDGERFROMITEM>No</LEDGERFROMITEM>
                <LEDGERNAME>SGST@6%</LEDGERNAME>
                <AMOUNT>135</AMOUNT>
            </ALLLEDGERENTRIES.LIST>
        </VOUCHER>
    </TALLYMESSAGE>
    <TALLYMESSAGE xmlns:UDF="TallyUDF">
        <VOUCHER VCHTYPE="Counter Sales" ACTION="Create">
            <ISOPTIONAL>No</ISOPTIONAL>
            <USEFORGAINLOSS>No</USEFORGAINLOSS>
            <USEFORCOMPOUND>No</USEFORCOMPOUND>
            <VOUCHERTYPENAME>Counter Sales</VOUCHERTYPENAME>
            <DATE>23/11/2024</DATE>
            <EFFECTIVEDATE>23/11/2024</EFFECTIVEDATE>
            <ISCANCELLED>No</ISCANCELLED>
            <USETRACKINGNUMBER>No</USETRACKINGNUMBER>
            <ISPOSTDATED>No</ISPOSTDATED>
            <ISINVOICE>No</ISINVOICE>
            <DIFFACTUALQTY>No</DIFFACTUALQTY>
            <VOUCHERNUMBER>FO-202400451</VOUCHERNUMBER>
            <REFERENCE>FO-202400451</REFERENCE>
            <PARTYLEDGERNAME></PARTYLEDGERNAME>
            <NARRATION>FO BILL: FO-202400451 GUEST NAME: OGGA OGGA; Arr.Dt:22/11/2024; Dep.Dt:23/11/2024; Roomno:307 : Recpt#: FO-202400451</NARRATION>
            <UDF:HARYANAVAT.LIST DESC="`HARYANAVAT`"></UDF:HARYANAVAT.LIST><ALLLEDGERENTRIES.LIST>
                <REMOVEZEROENTRIES>No</REMOVEZEROENTRIES>
                <ISDEEMEDPOSITIVE>Yes</ISDEEMEDPOSITIVE>
                <LEDGERFROMITEM>No</LEDGERFROMITEM><LEDGERNAME>Cash</LEDGERNAME>
                <AMOUNT>-3277.00</AMOUNT></ALLLEDGERENTRIES.LIST>  <ALLLEDGERENTRIES.LIST>
                <REMOVEZEROENTRIES>No</REMOVEZEROENTRIES>
                <ISDEEMEDPOSITIVE>No</ISDEEMEDPOSITIVE>
                <LEDGERFROMITEM>No</LEDGERFROMITEM>
                <LEDGERNAME>TARIFF</LEDGERNAME>
                <AMOUNT>2925</AMOUNT>
            </ALLLEDGERENTRIES.LIST>
            <ALLLEDGERENTRIES.LIST>
                <REMOVEZEROENTRIES>No</REMOVEZEROENTRIES>
                <ISDEEMEDPOSITIVE>No</ISDEEMEDPOSITIVE>
                <LEDGERFROMITEM>No</LEDGERFROMITEM>
                <LEDGERNAME>CGST@6%</LEDGERNAME>
                <AMOUNT>176</AMOUNT>
            </ALLLEDGERENTRIES.LIST>
            <ALLLEDGERENTRIES.LIST>
                <REMOVEZEROENTRIES>No</REMOVEZEROENTRIES>
                <ISDEEMEDPOSITIVE>No</ISDEEMEDPOSITIVE>
                <LEDGERFROMITEM>No</LEDGERFROMITEM>
                <LEDGERNAME>SGST@6%</LEDGERNAME>
                <AMOUNT>176</AMOUNT>
            </ALLLEDGERENTRIES.LIST>
        </VOUCHER>
    </TALLYMESSAGE>
    <TALLYMESSAGE xmlns:UDF="TallyUDF">
        <VOUCHER VCHTYPE="Counter Sales" ACTION="Create">
            <ISOPTIONAL>No</ISOPTIONAL>
            <USEFORGAINLOSS>No</USEFORGAINLOSS>
            <USEFORCOMPOUND>No</USEFORCOMPOUND>
            <VOUCHERTYPENAME>Counter Sales</VOUCHERTYPENAME>
            <DATE>22/11/2024</DATE>
            <EFFECTIVEDATE>22/11/2024</EFFECTIVEDATE>
            <ISCANCELLED>No</ISCANCELLED>
            <USETRACKINGNUMBER>No</USETRACKINGNUMBER>
            <ISPOSTDATED>No</ISPOSTDATED>
            <ISINVOICE>No</ISINVOICE>
            <DIFFACTUALQTY>No</DIFFACTUALQTY>
            <VOUCHERNUMBER>FO-202400449</VOUCHERNUMBER>
            <REFERENCE>FO-202400449</REFERENCE>
            <PARTYLEDGERNAME></PARTYLEDGERNAME>
            <NARRATION>FO BILL: FO-202400449 GUEST NAME: DAVID ROBERT; Arr.Dt:21/11/2024; Dep.Dt:22/11/2024; Roomno:214 : Recpt#: FO-202400449</NARRATION>
            <UDF:HARYANAVAT.LIST DESC="`HARYANAVAT`"></UDF:HARYANAVAT.LIST><ALLLEDGERENTRIES.LIST>
                <REMOVEZEROENTRIES>No</REMOVEZEROENTRIES>
                <ISDEEMEDPOSITIVE>Yes</ISDEEMEDPOSITIVE>
                <LEDGERFROMITEM>No</LEDGERFROMITEM><LEDGERNAME>Cash</LEDGERNAME>
                <AMOUNT>-5040.00</AMOUNT></ALLLEDGERENTRIES.LIST>  <ALLLEDGERENTRIES.LIST>
                <REMOVEZEROENTRIES>No</REMOVEZEROENTRIES>
                <ISDEEMEDPOSITIVE>No</ISDEEMEDPOSITIVE>
                <LEDGERFROMITEM>No</LEDGERFROMITEM>
                <LEDGERNAME>TARIFF</LEDGERNAME>
                <AMOUNT>4500</AMOUNT>
            </ALLLEDGERENTRIES.LIST>
            <ALLLEDGERENTRIES.LIST>
                <REMOVEZEROENTRIES>No</REMOVEZEROENTRIES>
                <ISDEEMEDPOSITIVE>No</ISDEEMEDPOSITIVE>
                <LEDGERFROMITEM>No</LEDGERFROMITEM>
                <LEDGERNAME>CGST@6%</LEDGERNAME>
                <AMOUNT>270</AMOUNT>
            </ALLLEDGERENTRIES.LIST>
            <ALLLEDGERENTRIES.LIST>
                <REMOVEZEROENTRIES>No</REMOVEZEROENTRIES>
                <ISDEEMEDPOSITIVE>No</ISDEEMEDPOSITIVE>
                <LEDGERFROMITEM>No</LEDGERFROMITEM>
                <LEDGERNAME>SGST@6%</LEDGERNAME>
                <AMOUNT>270</AMOUNT>
            </ALLLEDGERENTRIES.LIST>
        </VOUCHER>
    </TALLYMESSAGE>
    <TALLYMESSAGE xmlns:UDF="TallyUDF">
        <VOUCHER VCHTYPE="Counter Sales" ACTION="Create">
            <ISOPTIONAL>No</ISOPTIONAL>
            <USEFORGAINLOSS>No</USEFORGAINLOSS>
            <USEFORCOMPOUND>No</USEFORCOMPOUND>
            <VOUCHERTYPENAME>Counter Sales</VOUCHERTYPENAME>
            <DATE>22/11/2024</DATE>
            <EFFECTIVEDATE>22/11/2024</EFFECTIVEDATE>
            <ISCANCELLED>No</ISCANCELLED>
            <USETRACKINGNUMBER>No</USETRACKINGNUMBER>
            <ISPOSTDATED>No</ISPOSTDATED>
            <ISINVOICE>No</ISINVOICE>
            <DIFFACTUALQTY>No</DIFFACTUALQTY>
            <VOUCHERNUMBER>FO-202400448</VOUCHERNUMBER>
            <REFERENCE>FO-202400448</REFERENCE>
            <PARTYLEDGERNAME></PARTYLEDGERNAME>
            <NARRATION>FO BILL: FO-202400448 GUEST NAME: DEXTER COHEN; Arr.Dt:21/11/2024; Dep.Dt:22/11/2024; Roomno:204 : Recpt#: FO-202400448</NARRATION>
            <UDF:HARYANAVAT.LIST DESC="`HARYANAVAT`"></UDF:HARYANAVAT.LIST><ALLLEDGERENTRIES.LIST>
                <REMOVEZEROENTRIES>No</REMOVEZEROENTRIES>
                <ISDEEMEDPOSITIVE>Yes</ISDEEMEDPOSITIVE>
                <LEDGERFROMITEM>No</LEDGERFROMITEM><LEDGERNAME>Cash</LEDGERNAME>
                <AMOUNT>-2520.00</AMOUNT></ALLLEDGERENTRIES.LIST>  <ALLLEDGERENTRIES.LIST>
                <REMOVEZEROENTRIES>No</REMOVEZEROENTRIES>
                <ISDEEMEDPOSITIVE>No</ISDEEMEDPOSITIVE>
                <LEDGERFROMITEM>No</LEDGERFROMITEM>
                <LEDGERNAME>TARIFF</LEDGERNAME>
                <AMOUNT>2250</AMOUNT>
            </ALLLEDGERENTRIES.LIST>
            <ALLLEDGERENTRIES.LIST>
                <REMOVEZEROENTRIES>No</REMOVEZEROENTRIES>
                <ISDEEMEDPOSITIVE>No</ISDEEMEDPOSITIVE>
                <LEDGERFROMITEM>No</LEDGERFROMITEM>
                <LEDGERNAME>CGST@6%</LEDGERNAME>
                <AMOUNT>135</AMOUNT>
            </ALLLEDGERENTRIES.LIST>
            <ALLLEDGERENTRIES.LIST>
                <REMOVEZEROENTRIES>No</REMOVEZEROENTRIES>
                <ISDEEMEDPOSITIVE>No</ISDEEMEDPOSITIVE>
                <LEDGERFROMITEM>No</LEDGERFROMITEM>
                <LEDGERNAME>SGST@6%</LEDGERNAME>
                <AMOUNT>135</AMOUNT>
            </ALLLEDGERENTRIES.LIST>
        </VOUCHER>
    </TALLYMESSAGE>
    <TALLYMESSAGE xmlns:UDF="TallyUDF">
        <VOUCHER VCHTYPE="Counter Sales" ACTION="Create">
            <ISOPTIONAL>No</ISOPTIONAL>
            <USEFORGAINLOSS>No</USEFORGAINLOSS>
            <USEFORCOMPOUND>No</USEFORCOMPOUND>
            <VOUCHERTYPENAME>Counter Sales</VOUCHERTYPENAME>
            <DATE>23/11/2024</DATE>
            <EFFECTIVEDATE>23/11/2024</EFFECTIVEDATE>
            <ISCANCELLED>No</ISCANCELLED>
            <USETRACKINGNUMBER>No</USETRACKINGNUMBER>
            <ISPOSTDATED>No</ISPOSTDATED>
            <ISINVOICE>No</ISINVOICE>
            <DIFFACTUALQTY>No</DIFFACTUALQTY>
            <VOUCHERNUMBER>FO-202400459</VOUCHERNUMBER>
            <REFERENCE>FO-202400459</REFERENCE>
            <PARTYLEDGERNAME></PARTYLEDGERNAME>
            <NARRATION>FO BILL: FO-202400459 GUEST NAME: BONAGIRI ANAND JOSEPH KUMAR; Arr.Dt:23/11/2024; Dep.Dt:23/11/2024; Roomno:110 : Recpt#: FO-202400459</NARRATION>
            <UDF:HARYANAVAT.LIST DESC="`HARYANAVAT`"></UDF:HARYANAVAT.LIST><ALLLEDGERENTRIES.LIST>
                <REMOVEZEROENTRIES>No</REMOVEZEROENTRIES>
                <ISDEEMEDPOSITIVE>Yes</ISDEEMEDPOSITIVE>
                <LEDGERFROMITEM>No</LEDGERFROMITEM><LEDGERNAME>Cash</LEDGERNAME>
                <AMOUNT>-1680.00</AMOUNT></ALLLEDGERENTRIES.LIST>  <ALLLEDGERENTRIES.LIST>
                <REMOVEZEROENTRIES>No</REMOVEZEROENTRIES>
                <ISDEEMEDPOSITIVE>No</ISDEEMEDPOSITIVE>
                <LEDGERFROMITEM>No</LEDGERFROMITEM>
                <LEDGERNAME>TARIFF</LEDGERNAME>
                <AMOUNT>1500</AMOUNT>
            </ALLLEDGERENTRIES.LIST>
            <ALLLEDGERENTRIES.LIST>
                <REMOVEZEROENTRIES>No</REMOVEZEROENTRIES>
                <ISDEEMEDPOSITIVE>No</ISDEEMEDPOSITIVE>
                <LEDGERFROMITEM>No</LEDGERFROMITEM>
                <LEDGERNAME>CGST@6%</LEDGERNAME>
                <AMOUNT>90</AMOUNT>
            </ALLLEDGERENTRIES.LIST>
            <ALLLEDGERENTRIES.LIST>
                <REMOVEZEROENTRIES>No</REMOVEZEROENTRIES>
                <ISDEEMEDPOSITIVE>No</ISDEEMEDPOSITIVE>
                <LEDGERFROMITEM>No</LEDGERFROMITEM>
                <LEDGERNAME>SGST@6%</LEDGERNAME>
                <AMOUNT>90</AMOUNT>
            </ALLLEDGERENTRIES.LIST>
        </VOUCHER>
    </TALLYMESSAGE>
    <TALLYMESSAGE xmlns:UDF="TallyUDF">
        <VOUCHER VCHTYPE="Counter Sales" ACTION="Create">
            <ISOPTIONAL>No</ISOPTIONAL>
            <USEFORGAINLOSS>No</USEFORGAINLOSS>
            <USEFORCOMPOUND>No</USEFORCOMPOUND>
            <VOUCHERTYPENAME>Counter Sales</VOUCHERTYPENAME>
            <DATE>23/11/2024</DATE>
            <EFFECTIVEDATE>23/11/2024</EFFECTIVEDATE>
            <ISCANCELLED>No</ISCANCELLED>
            <USETRACKINGNUMBER>No</USETRACKINGNUMBER>
            <ISPOSTDATED>No</ISPOSTDATED>
            <ISINVOICE>No</ISINVOICE>
            <DIFFACTUALQTY>No</DIFFACTUALQTY>
            <VOUCHERNUMBER>FO-202400453</VOUCHERNUMBER>
            <REFERENCE>FO-202400453</REFERENCE>
            <PARTYLEDGERNAME></PARTYLEDGERNAME>
            <NARRATION>FO BILL: FO-202400453 GUEST NAME: YADANA HTUN; Arr.Dt:22/11/2024; Dep.Dt:23/11/2024; Roomno:202 : Recpt#: FO-202400453</NARRATION>
            <UDF:HARYANAVAT.LIST DESC="`HARYANAVAT`"></UDF:HARYANAVAT.LIST><ALLLEDGERENTRIES.LIST>
                <REMOVEZEROENTRIES>No</REMOVEZEROENTRIES>
                <ISDEEMEDPOSITIVE>Yes</ISDEEMEDPOSITIVE>
                <LEDGERFROMITEM>No</LEDGERFROMITEM><LEDGERNAME>YADANA HTUN</LEDGERNAME>
                <AMOUNT>-2520.00</AMOUNT></ALLLEDGERENTRIES.LIST>  <ALLLEDGERENTRIES.LIST>
                <REMOVEZEROENTRIES>No</REMOVEZEROENTRIES>
                <ISDEEMEDPOSITIVE>No</ISDEEMEDPOSITIVE>
                <LEDGERFROMITEM>No</LEDGERFROMITEM>
                <LEDGERNAME>TARIFF</LEDGERNAME>
                <AMOUNT>2250</AMOUNT>
            </ALLLEDGERENTRIES.LIST>
            <ALLLEDGERENTRIES.LIST>
                <REMOVEZEROENTRIES>No</REMOVEZEROENTRIES>
                <ISDEEMEDPOSITIVE>No</ISDEEMEDPOSITIVE>
                <LEDGERFROMITEM>No</LEDGERFROMITEM>
                <LEDGERNAME>CGST@6%</LEDGERNAME>
                <AMOUNT>135</AMOUNT>
            </ALLLEDGERENTRIES.LIST>
            <ALLLEDGERENTRIES.LIST>
                <REMOVEZEROENTRIES>No</REMOVEZEROENTRIES>
                <ISDEEMEDPOSITIVE>No</ISDEEMEDPOSITIVE>
                <LEDGERFROMITEM>No</LEDGERFROMITEM>
                <LEDGERNAME>SGST@6%</LEDGERNAME>
                <AMOUNT>135</AMOUNT>
            </ALLLEDGERENTRIES.LIST>
        </VOUCHER>
    </TALLYMESSAGE>
    <TALLYMESSAGE xmlns:UDF="TallyUDF">
        <VOUCHER VCHTYPE="Counter Sales" ACTION="Create">
            <ISOPTIONAL>No</ISOPTIONAL>
            <USEFORGAINLOSS>No</USEFORGAINLOSS>
            <USEFORCOMPOUND>No</USEFORCOMPOUND>
            <VOUCHERTYPENAME>Counter Sales</VOUCHERTYPENAME>
            <DATE>23/11/2024</DATE>
            <EFFECTIVEDATE>23/11/2024</EFFECTIVEDATE>
            <ISCANCELLED>No</ISCANCELLED>
            <USETRACKINGNUMBER>No</USETRACKINGNUMBER>
            <ISPOSTDATED>No</ISPOSTDATED>
            <ISINVOICE>No</ISINVOICE>
            <DIFFACTUALQTY>No</DIFFACTUALQTY>
            <VOUCHERNUMBER>FO-202400452</VOUCHERNUMBER>
            <REFERENCE>FO-202400452</REFERENCE>
            <PARTYLEDGERNAME></PARTYLEDGERNAME>
            <NARRATION>FO BILL: FO-202400452 GUEST NAME: MICHELLE HUANG; Arr.Dt:22/11/2024; Dep.Dt:23/11/2024; Roomno:203 : Recpt#: FO-202400452</NARRATION>
            <UDF:HARYANAVAT.LIST DESC="`HARYANAVAT`"></UDF:HARYANAVAT.LIST><ALLLEDGERENTRIES.LIST>
                <REMOVEZEROENTRIES>No</REMOVEZEROENTRIES>
                <ISDEEMEDPOSITIVE>Yes</ISDEEMEDPOSITIVE>
                <LEDGERFROMITEM>No</LEDGERFROMITEM><LEDGERNAME>MICHELLE HUANG</LEDGERNAME>
                <AMOUNT>-2520.00</AMOUNT></ALLLEDGERENTRIES.LIST>  <ALLLEDGERENTRIES.LIST>
                <REMOVEZEROENTRIES>No</REMOVEZEROENTRIES>
                <ISDEEMEDPOSITIVE>No</ISDEEMEDPOSITIVE>
                <LEDGERFROMITEM>No</LEDGERFROMITEM>
                <LEDGERNAME>TARIFF</LEDGERNAME>
                <AMOUNT>2250</AMOUNT>
            </ALLLEDGERENTRIES.LIST>
            <ALLLEDGERENTRIES.LIST>
                <REMOVEZEROENTRIES>No</REMOVEZEROENTRIES>
                <ISDEEMEDPOSITIVE>No</ISDEEMEDPOSITIVE>
                <LEDGERFROMITEM>No</LEDGERFROMITEM>
                <LEDGERNAME>CGST@6%</LEDGERNAME>
                <AMOUNT>135</AMOUNT>
            </ALLLEDGERENTRIES.LIST>
            <ALLLEDGERENTRIES.LIST>
                <REMOVEZEROENTRIES>No</REMOVEZEROENTRIES>
                <ISDEEMEDPOSITIVE>No</ISDEEMEDPOSITIVE>
                <LEDGERFROMITEM>No</LEDGERFROMITEM>
                <LEDGERNAME>SGST@6%</LEDGERNAME>
                <AMOUNT>135</AMOUNT>
            </ALLLEDGERENTRIES.LIST>
        </VOUCHER>
    </TALLYMESSAGE>
    <TALLYMESSAGE xmlns:UDF="TallyUDF">
        <VOUCHER VCHTYPE="Counter Sales" ACTION="Create">
            <ISOPTIONAL>No</ISOPTIONAL>
            <USEFORGAINLOSS>No</USEFORGAINLOSS>
            <USEFORCOMPOUND>No</USEFORCOMPOUND>
            <VOUCHERTYPENAME>Counter Sales</VOUCHERTYPENAME>
            <DATE>23/11/2024</DATE>
            <EFFECTIVEDATE>23/11/2024</EFFECTIVEDATE>
            <ISCANCELLED>No</ISCANCELLED>
            <USETRACKINGNUMBER>No</USETRACKINGNUMBER>
            <ISPOSTDATED>No</ISPOSTDATED>
            <ISINVOICE>No</ISINVOICE>
            <DIFFACTUALQTY>No</DIFFACTUALQTY>
            <VOUCHERNUMBER>FO-202400450</VOUCHERNUMBER>
            <REFERENCE>FO-202400450</REFERENCE>
            <PARTYLEDGERNAME></PARTYLEDGERNAME>
            <NARRATION>FO BILL: FO-202400450 GUEST NAME: RAJESH CHOUDHARY; Arr.Dt:21/11/2024; Dep.Dt:23/11/2024; Roomno:215 : Recpt#: FO-202400450</NARRATION>
            <UDF:HARYANAVAT.LIST DESC="`HARYANAVAT`"></UDF:HARYANAVAT.LIST><ALLLEDGERENTRIES.LIST>
                <REMOVEZEROENTRIES>No</REMOVEZEROENTRIES>
                <ISDEEMEDPOSITIVE>Yes</ISDEEMEDPOSITIVE>
                <LEDGERFROMITEM>No</LEDGERFROMITEM><LEDGERNAME>RAJESH CHOUDHARY</LEDGERNAME>
                <AMOUNT>-2520.00</AMOUNT></ALLLEDGERENTRIES.LIST>  <ALLLEDGERENTRIES.LIST>
                <REMOVEZEROENTRIES>No</REMOVEZEROENTRIES>
                <ISDEEMEDPOSITIVE>No</ISDEEMEDPOSITIVE>
                <LEDGERFROMITEM>No</LEDGERFROMITEM>
                <LEDGERNAME>TARIFF</LEDGERNAME>
                <AMOUNT>2250</AMOUNT>
            </ALLLEDGERENTRIES.LIST>
            <ALLLEDGERENTRIES.LIST>
                <REMOVEZEROENTRIES>No</REMOVEZEROENTRIES>
                <ISDEEMEDPOSITIVE>No</ISDEEMEDPOSITIVE>
                <LEDGERFROMITEM>No</LEDGERFROMITEM>
                <LEDGERNAME>CGST@6%</LEDGERNAME>
                <AMOUNT>135</AMOUNT>
            </ALLLEDGERENTRIES.LIST>
            <ALLLEDGERENTRIES.LIST>
                <REMOVEZEROENTRIES>No</REMOVEZEROENTRIES>
                <ISDEEMEDPOSITIVE>No</ISDEEMEDPOSITIVE>
                <LEDGERFROMITEM>No</LEDGERFROMITEM>
                <LEDGERNAME>SGST@6%</LEDGERNAME>
                <AMOUNT>135</AMOUNT>
            </ALLLEDGERENTRIES.LIST>
        </VOUCHER>
    </TALLYMESSAGE>
    <TALLYMESSAGE xmlns:UDF="TallyUDF">
        <VOUCHER VCHTYPE="Counter Sales" ACTION="Create">
            <ISOPTIONAL>No</ISOPTIONAL>
            <USEFORGAINLOSS>No</USEFORGAINLOSS>
            <USEFORCOMPOUND>No</USEFORCOMPOUND>
            <VOUCHERTYPENAME>Counter Sales</VOUCHERTYPENAME>
            <DATE>22/11/2024</DATE>
            <EFFECTIVEDATE>22/11/2024</EFFECTIVEDATE>
            <ISCANCELLED>No</ISCANCELLED>
            <USETRACKINGNUMBER>No</USETRACKINGNUMBER>
            <ISPOSTDATED>No</ISPOSTDATED>
            <ISINVOICE>No</ISINVOICE>
            <DIFFACTUALQTY>No</DIFFACTUALQTY>
            <VOUCHERNUMBER>FO-202400444</VOUCHERNUMBER>
            <REFERENCE>FO-202400444</REFERENCE>
            <PARTYLEDGERNAME></PARTYLEDGERNAME>
            <NARRATION>FO BILL: FO-202400444 GUEST NAME: SOE HTIKE SAN; Arr.Dt:18/11/2024; Dep.Dt:22/11/2024; Roomno:212 : Recpt#: FO-202400444</NARRATION>
            <UDF:HARYANAVAT.LIST DESC="`HARYANAVAT`"></UDF:HARYANAVAT.LIST><ALLLEDGERENTRIES.LIST>
                <REMOVEZEROENTRIES>No</REMOVEZEROENTRIES>
                <ISDEEMEDPOSITIVE>Yes</ISDEEMEDPOSITIVE>
                <LEDGERFROMITEM>No</LEDGERFROMITEM><LEDGERNAME>SOE HTIKE SAN</LEDGERNAME>
                <AMOUNT>-10080.00</AMOUNT></ALLLEDGERENTRIES.LIST>  <ALLLEDGERENTRIES.LIST>
                <REMOVEZEROENTRIES>No</REMOVEZEROENTRIES>
                <ISDEEMEDPOSITIVE>No</ISDEEMEDPOSITIVE>
                <LEDGERFROMITEM>No</LEDGERFROMITEM>
                <LEDGERNAME>TARIFF</LEDGERNAME>
                <AMOUNT>9000</AMOUNT>
            </ALLLEDGERENTRIES.LIST>
            <ALLLEDGERENTRIES.LIST>
                <REMOVEZEROENTRIES>No</REMOVEZEROENTRIES>
                <ISDEEMEDPOSITIVE>No</ISDEEMEDPOSITIVE>
                <LEDGERFROMITEM>No</LEDGERFROMITEM>
                <LEDGERNAME>CGST@6%</LEDGERNAME>
                <AMOUNT>540</AMOUNT>
            </ALLLEDGERENTRIES.LIST>
            <ALLLEDGERENTRIES.LIST>
                <REMOVEZEROENTRIES>No</REMOVEZEROENTRIES>
                <ISDEEMEDPOSITIVE>No</ISDEEMEDPOSITIVE>
                <LEDGERFROMITEM>No</LEDGERFROMITEM>
                <LEDGERNAME>SGST@6%</LEDGERNAME>
                <AMOUNT>540</AMOUNT>
            </ALLLEDGERENTRIES.LIST>
        </VOUCHER>
    </TALLYMESSAGE>
    <TALLYMESSAGE xmlns:UDF="TallyUDF">
        <VOUCHER VCHTYPE="Counter Sales" ACTION="Create">
            <ISOPTIONAL>No</ISOPTIONAL>
            <USEFORGAINLOSS>No</USEFORGAINLOSS>
            <USEFORCOMPOUND>No</USEFORCOMPOUND>
            <VOUCHERTYPENAME>Counter Sales</VOUCHERTYPENAME>
            <DATE>25/11/2024</DATE>
            <EFFECTIVEDATE>25/11/2024</EFFECTIVEDATE>
            <ISCANCELLED>No</ISCANCELLED>
            <USETRACKINGNUMBER>No</USETRACKINGNUMBER>
            <ISPOSTDATED>No</ISPOSTDATED>
            <ISINVOICE>No</ISINVOICE>
            <DIFFACTUALQTY>No</DIFFACTUALQTY>
            <VOUCHERNUMBER>FO-202400460</VOUCHERNUMBER>
            <REFERENCE>FO-202400460</REFERENCE>
            <PARTYLEDGERNAME></PARTYLEDGERNAME>
            <NARRATION>FO BILL: FO-202400460 GUEST NAME: ASHIR BHAVAN PRIORY; Arr.Dt:24/11/2024; Dep.Dt:25/11/2024; Roomno:103,104,108,109 : Recpt#: FO-202400460</NARRATION>
            <UDF:HARYANAVAT.LIST DESC="`HARYANAVAT`"></UDF:HARYANAVAT.LIST><ALLLEDGERENTRIES.LIST>
                <REMOVEZEROENTRIES>No</REMOVEZEROENTRIES>
                <ISDEEMEDPOSITIVE>Yes</ISDEEMEDPOSITIVE>
                <LEDGERFROMITEM>No</LEDGERFROMITEM><LEDGERNAME>Cash</LEDGERNAME>
                <AMOUNT>-6720.00</AMOUNT></ALLLEDGERENTRIES.LIST>  <ALLLEDGERENTRIES.LIST>
                <REMOVEZEROENTRIES>No</REMOVEZEROENTRIES>
                <ISDEEMEDPOSITIVE>No</ISDEEMEDPOSITIVE>
                <LEDGERFROMITEM>No</LEDGERFROMITEM>
                <LEDGERNAME>TARIFF</LEDGERNAME>
                <AMOUNT>6000</AMOUNT>
            </ALLLEDGERENTRIES.LIST>
            <ALLLEDGERENTRIES.LIST>
                <REMOVEZEROENTRIES>No</REMOVEZEROENTRIES>
                <ISDEEMEDPOSITIVE>No</ISDEEMEDPOSITIVE>
                <LEDGERFROMITEM>No</LEDGERFROMITEM>
                <LEDGERNAME>CGST@6%</LEDGERNAME>
                <AMOUNT>360</AMOUNT>
            </ALLLEDGERENTRIES.LIST>
            <ALLLEDGERENTRIES.LIST>
                <REMOVEZEROENTRIES>No</REMOVEZEROENTRIES>
                <ISDEEMEDPOSITIVE>No</ISDEEMEDPOSITIVE>
                <LEDGERFROMITEM>No</LEDGERFROMITEM>
                <LEDGERNAME>SGST@6%</LEDGERNAME>
                <AMOUNT>360</AMOUNT>
            </ALLLEDGERENTRIES.LIST>
        </VOUCHER>
    </TALLYMESSAGE>
    <TALLYMESSAGE xmlns:UDF="TallyUDF">
        <VOUCHER VCHTYPE="Counter Sales" ACTION="Create">
            <ISOPTIONAL>No</ISOPTIONAL>
            <USEFORGAINLOSS>No</USEFORGAINLOSS>
            <USEFORCOMPOUND>No</USEFORCOMPOUND>
            <VOUCHERTYPENAME>Counter Sales</VOUCHERTYPENAME>
            <DATE>30/11/2024</DATE>
            <EFFECTIVEDATE>30/11/2024</EFFECTIVEDATE>
            <ISCANCELLED>No</ISCANCELLED>
            <USETRACKINGNUMBER>No</USETRACKINGNUMBER>
            <ISPOSTDATED>No</ISPOSTDATED>
            <ISINVOICE>No</ISINVOICE>
            <DIFFACTUALQTY>No</DIFFACTUALQTY>
            <VOUCHERNUMBER>FO-202400467</VOUCHERNUMBER>
            <REFERENCE>FO-202400467</REFERENCE>
            <PARTYLEDGERNAME></PARTYLEDGERNAME>
            <NARRATION>FO BILL: FO-202400467 GUEST NAME: PAUL KOSTKA; Arr.Dt:28/11/2024; Dep.Dt:30/11/2024; Roomno:224,230,217 : Recpt#: FO-202400467</NARRATION>
            <UDF:HARYANAVAT.LIST DESC="`HARYANAVAT`"></UDF:HARYANAVAT.LIST><ALLLEDGERENTRIES.LIST>
                <REMOVEZEROENTRIES>No</REMOVEZEROENTRIES>
                <ISDEEMEDPOSITIVE>Yes</ISDEEMEDPOSITIVE>
                <LEDGERFROMITEM>No</LEDGERFROMITEM><LEDGERNAME>Cash</LEDGERNAME>
                <AMOUNT>-15120.00</AMOUNT></ALLLEDGERENTRIES.LIST>  <ALLLEDGERENTRIES.LIST>
                <REMOVEZEROENTRIES>No</REMOVEZEROENTRIES>
                <ISDEEMEDPOSITIVE>No</ISDEEMEDPOSITIVE>
                <LEDGERFROMITEM>No</LEDGERFROMITEM>
                <LEDGERNAME>TARIFF</LEDGERNAME>
                <AMOUNT>13500</AMOUNT>
            </ALLLEDGERENTRIES.LIST>
            <ALLLEDGERENTRIES.LIST>
                <REMOVEZEROENTRIES>No</REMOVEZEROENTRIES>
                <ISDEEMEDPOSITIVE>No</ISDEEMEDPOSITIVE>
                <LEDGERFROMITEM>No</LEDGERFROMITEM>
                <LEDGERNAME>CGST@6%</LEDGERNAME>
                <AMOUNT>810</AMOUNT>
            </ALLLEDGERENTRIES.LIST>
            <ALLLEDGERENTRIES.LIST>
                <REMOVEZEROENTRIES>No</REMOVEZEROENTRIES>
                <ISDEEMEDPOSITIVE>No</ISDEEMEDPOSITIVE>
                <LEDGERFROMITEM>No</LEDGERFROMITEM>
                <LEDGERNAME>SGST@6%</LEDGERNAME>
                <AMOUNT>810</AMOUNT>
            </ALLLEDGERENTRIES.LIST>
        </VOUCHER>
    </TALLYMESSAGE>
    <TALLYMESSAGE xmlns:UDF="TallyUDF">
        <VOUCHER VCHTYPE="Counter Sales" ACTION="Create">
            <ISOPTIONAL>No</ISOPTIONAL>
            <USEFORGAINLOSS>No</USEFORGAINLOSS>
            <USEFORCOMPOUND>No</USEFORCOMPOUND>
            <VOUCHERTYPENAME>Counter Sales</VOUCHERTYPENAME>
            <DATE>30/11/2024</DATE>
            <EFFECTIVEDATE>30/11/2024</EFFECTIVEDATE>
            <ISCANCELLED>No</ISCANCELLED>
            <USETRACKINGNUMBER>No</USETRACKINGNUMBER>
            <ISPOSTDATED>No</ISPOSTDATED>
            <ISINVOICE>No</ISINVOICE>
            <DIFFACTUALQTY>No</DIFFACTUALQTY>
            <VOUCHERNUMBER>FO-202400469</VOUCHERNUMBER>
            <REFERENCE>FO-202400469</REFERENCE>
            <PARTYLEDGERNAME></PARTYLEDGERNAME>
            <NARRATION>FO BILL: FO-202400469 GUEST NAME: CENTRE FOR  RURAL INNOVATION  TECHNOLOGY DEVELOPMENT; Arr.Dt:29/11/2024; Dep.Dt:30/11/2024; Roomno:217 : Recpt#: FO-202400469</NARRATION>
            <UDF:HARYANAVAT.LIST DESC="`HARYANAVAT`"></UDF:HARYANAVAT.LIST><ALLLEDGERENTRIES.LIST>
                <REMOVEZEROENTRIES>No</REMOVEZEROENTRIES>
                <ISDEEMEDPOSITIVE>Yes</ISDEEMEDPOSITIVE>
                <LEDGERFROMITEM>No</LEDGERFROMITEM><LEDGERNAME>CBI 5532547292</LEDGERNAME>
                <AMOUNT>-2800.00</AMOUNT></ALLLEDGERENTRIES.LIST>  <ALLLEDGERENTRIES.LIST>
                <REMOVEZEROENTRIES>No</REMOVEZEROENTRIES>
                <ISDEEMEDPOSITIVE>No</ISDEEMEDPOSITIVE>
                <LEDGERFROMITEM>No</LEDGERFROMITEM>
                <LEDGERNAME>TARIFF</LEDGERNAME>
                <AMOUNT>2500</AMOUNT>
            </ALLLEDGERENTRIES.LIST>
            <ALLLEDGERENTRIES.LIST>
                <REMOVEZEROENTRIES>No</REMOVEZEROENTRIES>
                <ISDEEMEDPOSITIVE>No</ISDEEMEDPOSITIVE>
                <LEDGERFROMITEM>No</LEDGERFROMITEM>
                <LEDGERNAME>CGST@6%</LEDGERNAME>
                <AMOUNT>150</AMOUNT>
            </ALLLEDGERENTRIES.LIST>
            <ALLLEDGERENTRIES.LIST>
                <REMOVEZEROENTRIES>No</REMOVEZEROENTRIES>
                <ISDEEMEDPOSITIVE>No</ISDEEMEDPOSITIVE>
                <LEDGERFROMITEM>No</LEDGERFROMITEM>
                <LEDGERNAME>SGST@6%</LEDGERNAME>
                <AMOUNT>150</AMOUNT>
            </ALLLEDGERENTRIES.LIST>
        </VOUCHER>
    </TALLYMESSAGE>
    <TALLYMESSAGE xmlns:UDF="TallyUDF">
        <VOUCHER VCHTYPE="Counter Sales" ACTION="Create">
            <ISOPTIONAL>No</ISOPTIONAL>
            <USEFORGAINLOSS>No</USEFORGAINLOSS>
            <USEFORCOMPOUND>No</USEFORCOMPOUND>
            <VOUCHERTYPENAME>Counter Sales</VOUCHERTYPENAME>
            <DATE>30/11/2024</DATE>
            <EFFECTIVEDATE>30/11/2024</EFFECTIVEDATE>
            <ISCANCELLED>No</ISCANCELLED>
            <USETRACKINGNUMBER>No</USETRACKINGNUMBER>
            <ISPOSTDATED>No</ISPOSTDATED>
            <ISINVOICE>No</ISINVOICE>
            <DIFFACTUALQTY>No</DIFFACTUALQTY>
            <VOUCHERNUMBER>FO-202400463</VOUCHERNUMBER>
            <REFERENCE>FO-202400463</REFERENCE>
            <PARTYLEDGERNAME></PARTYLEDGERNAME>
            <NARRATION>FO BILL: FO-202400463 GUEST NAME: FOUNDATION OF HIS SACRED MAJESTY; Arr.Dt:26/11/2024; Dep.Dt:30/11/2024; Roomno:201,202,203,204,205,206,207,208,209,210,211,212,213,214,215,218,219,220,221,222 : Recpt#: FO-202400463</NARRATION>
            <UDF:HARYANAVAT.LIST DESC="`HARYANAVAT`"></UDF:HARYANAVAT.LIST><ALLLEDGERENTRIES.LIST>
                <REMOVEZEROENTRIES>No</REMOVEZEROENTRIES>
                <ISDEEMEDPOSITIVE>Yes</ISDEEMEDPOSITIVE>
                <LEDGERFROMITEM>No</LEDGERFROMITEM><LEDGERNAME>INH ADVANCE</LEDGERNAME>
                <AMOUNT>-200000.00</AMOUNT> </ALLLEDGERENTRIES.LIST><ALLLEDGERENTRIES.LIST>
                <REMOVEZEROENTRIES>No</REMOVEZEROENTRIES>
                <ISDEEMEDPOSITIVE>Yes</ISDEEMEDPOSITIVE>
                <LEDGERFROMITEM>No</LEDGERFROMITEM><LEDGERNAME>FOUNDATION OF HIS SACRED MAJESTY</LEDGERNAME>
                <AMOUNT>-12800.00</AMOUNT></ALLLEDGERENTRIES.LIST>  <ALLLEDGERENTRIES.LIST>
                <REMOVEZEROENTRIES>No</REMOVEZEROENTRIES>
                <ISDEEMEDPOSITIVE>No</ISDEEMEDPOSITIVE>
                <LEDGERFROMITEM>No</LEDGERFROMITEM>
                <LEDGERNAME>TARIFF</LEDGERNAME>
                <AMOUNT>190000</AMOUNT>
            </ALLLEDGERENTRIES.LIST>
            <ALLLEDGERENTRIES.LIST>
                <REMOVEZEROENTRIES>No</REMOVEZEROENTRIES>
                <ISDEEMEDPOSITIVE>No</ISDEEMEDPOSITIVE>
                <LEDGERFROMITEM>No</LEDGERFROMITEM>
                <LEDGERNAME>CGST@6%</LEDGERNAME>
                <AMOUNT>11400</AMOUNT>
            </ALLLEDGERENTRIES.LIST>
            <ALLLEDGERENTRIES.LIST>
                <REMOVEZEROENTRIES>No</REMOVEZEROENTRIES>
                <ISDEEMEDPOSITIVE>No</ISDEEMEDPOSITIVE>
                <LEDGERFROMITEM>No</LEDGERFROMITEM>
                <LEDGERNAME>SGST@6%</LEDGERNAME>
                <AMOUNT>11400</AMOUNT>
            </ALLLEDGERENTRIES.LIST>
        </VOUCHER>
    </TALLYMESSAGE>
<TALLYMESSAGE xmlns:UDF="TallyUDF">
    <VOUCHER VCHTYPE="Counter Sales" ACTION="Create">
        <ISOPTIONAL>No</ISOPTIONAL>
        <USEFORGAINLOSS>No</USEFORGAINLOSS>
        <USEFORCOMPOUND>No</USEFORCOMPOUND>
        <VOUCHERTYPENAME>Counter Sales</VOUCHERTYPENAME>
        <DATE>17-11-2024</DATE>
        <EFFECTIVEDATE>17-11-2024</EFFECTIVEDATE>
        <ISCANCELLED>No</ISCANCELLED>
        <USETRACKINGNUMBER>No</USETRACKINGNUMBER>
        <ISPOSTDATED>No</ISPOSTDATED>
        <ISINVOICE>No</ISINVOICE>
        <DIFFACTUALQTY>No</DIFFACTUALQTY>
        <VOUCHERNUMBER>DIN202400344</VOUCHERNUMBER>
        <REFERENCE>DIN202400344</REFERENCE>
        <PARTYLEDGERNAME></PARTYLEDGERNAME>
      <NARRATION>DIN202400344 GUEST NAME:Pradeep Lal </NARRATION>

        <UDF:HARYANAVAT.LIST DESC="`HARYANAVAT`"></UDF:HARYANAVAT.LIST><ALLLEDGERENTRIES.LIST>
                <REMOVEZEROENTRIES>No</REMOVEZEROENTRIES>
                <ISDEEMEDPOSITIVE>Yes</ISDEEMEDPOSITIVE>
                <LEDGERFROMITEM>No</LEDGERFROMITEM><LEDGERNAME>Cash</LEDGERNAME>
                <AMOUNT>-5302</AMOUNT>
     <BILLALLOCATIONS.LIST>
                    <NAME>DIN202400344</NAME>
                    <BILLTYPE>New Ref</BILLTYPE>
                    <BILLCREDITPERIOD/>
                    <AMOUNT>-5302
                    </AMOUNT>
                </BILLALLOCATIONS.LIST>
                 </ALLLEDGERENTRIES.LIST>
       <ALLLEDGERENTRIES.LIST>
                <REMOVEZEROENTRIES>No</REMOVEZEROENTRIES>
                <ISDEEMEDPOSITIVE>Yes</ISDEEMEDPOSITIVE>
                <LEDGERFROMITEM>No</LEDGERFROMITEM><BILLALLOCATIONS.LIST>
                    <NAME>DIN202400344</NAME>
                    <BILLTYPE>New Ref</BILLTYPE>
                    <BILLCREDITPERIOD/>
                    <AMOUNT>-5302
                    </AMOUNT>
                </BILLALLOCATIONS.LIST>
            </ALLLEDGERENTRIES.LIST>


        

   <ALLLEDGERENTRIES.LIST>
                <REMOVEZEROENTRIES>No</REMOVEZEROENTRIES>
                <ISDEEMEDPOSITIVE>No</ISDEEMEDPOSITIVE>
                <LEDGERFROMITEM>No</LEDGERFROMITEM>
                <LEDGERNAME>Food @5%</LEDGERNAME>
                <AMOUNT>5050</AMOUNT>
            </ALLLEDGERENTRIES.LIST>
            <ALLLEDGERENTRIES.LIST>
                <REMOVEZEROENTRIES>No</REMOVEZEROENTRIES>
                <ISDEEMEDPOSITIVE>No</ISDEEMEDPOSITIVE>
                <LEDGERFROMITEM>No</LEDGERFROMITEM>
                <LEDGERNAME>CGST@2.5%</LEDGERNAME>
                <AMOUNT>126</AMOUNT>
            </ALLLEDGERENTRIES.LIST>
            <ALLLEDGERENTRIES.LIST>
                <REMOVEZEROENTRIES>No</REMOVEZEROENTRIES>
                <ISDEEMEDPOSITIVE>No</ISDEEMEDPOSITIVE>
                <LEDGERFROMITEM>No</LEDGERFROMITEM>
                <LEDGERNAME>SGST@2.5%</LEDGERNAME>
                <AMOUNT>126</AMOUNT>
            </ALLLEDGERENTRIES.LIST>
        
    </VOUCHER>
</TALLYMESSAGE>
<TALLYMESSAGE xmlns:UDF="TallyUDF">
    <VOUCHER VCHTYPE="Counter Sales" ACTION="Create">
        <ISOPTIONAL>No</ISOPTIONAL>
        <USEFORGAINLOSS>No</USEFORGAINLOSS>
        <USEFORCOMPOUND>No</USEFORCOMPOUND>
        <VOUCHERTYPENAME>Counter Sales</VOUCHERTYPENAME>
        <DATE>18-11-2024</DATE>
        <EFFECTIVEDATE>18-11-2024</EFFECTIVEDATE>
        <ISCANCELLED>No</ISCANCELLED>
        <USETRACKINGNUMBER>No</USETRACKINGNUMBER>
        <ISPOSTDATED>No</ISPOSTDATED>
        <ISINVOICE>No</ISINVOICE>
        <DIFFACTUALQTY>No</DIFFACTUALQTY>
        <VOUCHERNUMBER>DIN202400345</VOUCHERNUMBER>
        <REFERENCE>DIN202400345</REFERENCE>
        <PARTYLEDGERNAME></PARTYLEDGERNAME>
      <NARRATION>DIN202400345 GUEST NAME:Mr Sadhana Ranjan Ranjan</NARRATION>

        <UDF:HARYANAVAT.LIST DESC="`HARYANAVAT`"></UDF:HARYANAVAT.LIST><ALLLEDGERENTRIES.LIST>
                <REMOVEZEROENTRIES>No</REMOVEZEROENTRIES>
                <ISDEEMEDPOSITIVE>Yes</ISDEEMEDPOSITIVE>
                <LEDGERFROMITEM>No</LEDGERFROMITEM><LEDGERNAME>Cash</LEDGERNAME>
                <AMOUNT>-6342</AMOUNT>
     <BILLALLOCATIONS.LIST>
                    <NAME>DIN202400345</NAME>
                    <BILLTYPE>New Ref</BILLTYPE>
                    <BILLCREDITPERIOD/>
                    <AMOUNT>-6342
                    </AMOUNT>
                </BILLALLOCATIONS.LIST>
                 </ALLLEDGERENTRIES.LIST>
       <ALLLEDGERENTRIES.LIST>
                <REMOVEZEROENTRIES>No</REMOVEZEROENTRIES>
                <ISDEEMEDPOSITIVE>Yes</ISDEEMEDPOSITIVE>
                <LEDGERFROMITEM>No</LEDGERFROMITEM><BILLALLOCATIONS.LIST>
                    <NAME>DIN202400345</NAME>
                    <BILLTYPE>New Ref</BILLTYPE>
                    <BILLCREDITPERIOD/>
                    <AMOUNT>-6342
                    </AMOUNT>
                </BILLALLOCATIONS.LIST>
            </ALLLEDGERENTRIES.LIST>


        

   <ALLLEDGERENTRIES.LIST>
                <REMOVEZEROENTRIES>No</REMOVEZEROENTRIES>
                <ISDEEMEDPOSITIVE>No</ISDEEMEDPOSITIVE>
                <LEDGERFROMITEM>No</LEDGERFROMITEM>
                <LEDGERNAME>Food @5%</LEDGERNAME>
                <AMOUNT>6040</AMOUNT>
            </ALLLEDGERENTRIES.LIST>
            <ALLLEDGERENTRIES.LIST>
                <REMOVEZEROENTRIES>No</REMOVEZEROENTRIES>
                <ISDEEMEDPOSITIVE>No</ISDEEMEDPOSITIVE>
                <LEDGERFROMITEM>No</LEDGERFROMITEM>
                <LEDGERNAME>CGST@2.5%</LEDGERNAME>
                <AMOUNT>151</AMOUNT>
            </ALLLEDGERENTRIES.LIST>
            <ALLLEDGERENTRIES.LIST>
                <REMOVEZEROENTRIES>No</REMOVEZEROENTRIES>
                <ISDEEMEDPOSITIVE>No</ISDEEMEDPOSITIVE>
                <LEDGERFROMITEM>No</LEDGERFROMITEM>
                <LEDGERNAME>SGST@2.5%</LEDGERNAME>
                <AMOUNT>151</AMOUNT>
            </ALLLEDGERENTRIES.LIST>
        
    </VOUCHER>
</TALLYMESSAGE>
<TALLYMESSAGE xmlns:UDF="TallyUDF">
    <VOUCHER VCHTYPE="Counter Sales" ACTION="Create">
        <ISOPTIONAL>No</ISOPTIONAL>
        <USEFORGAINLOSS>No</USEFORGAINLOSS>
        <USEFORCOMPOUND>No</USEFORCOMPOUND>
        <VOUCHERTYPENAME>Counter Sales</VOUCHERTYPENAME>
        <DATE>19-11-2024</DATE>
        <EFFECTIVEDATE>19-11-2024</EFFECTIVEDATE>
        <ISCANCELLED>No</ISCANCELLED>
        <USETRACKINGNUMBER>No</USETRACKINGNUMBER>
        <ISPOSTDATED>No</ISPOSTDATED>
        <ISINVOICE>No</ISINVOICE>
        <DIFFACTUALQTY>No</DIFFACTUALQTY>
        <VOUCHERNUMBER>DIN202400346</VOUCHERNUMBER>
        <REFERENCE>DIN202400346</REFERENCE>
        <PARTYLEDGERNAME></PARTYLEDGERNAME>
      <NARRATION>DIN202400346 GUEST NAME:RAMESH KUMAR </NARRATION>

        <UDF:HARYANAVAT.LIST DESC="`HARYANAVAT`"></UDF:HARYANAVAT.LIST><ALLLEDGERENTRIES.LIST>
                <REMOVEZEROENTRIES>No</REMOVEZEROENTRIES>
                <ISDEEMEDPOSITIVE>Yes</ISDEEMEDPOSITIVE>
                <LEDGERFROMITEM>No</LEDGERFROMITEM><LEDGERNAME>Cash</LEDGERNAME>
                <AMOUNT>-514</AMOUNT>
     <BILLALLOCATIONS.LIST>
                    <NAME>DIN202400346</NAME>
                    <BILLTYPE>New Ref</BILLTYPE>
                    <BILLCREDITPERIOD/>
                    <AMOUNT>-514
                    </AMOUNT>
                </BILLALLOCATIONS.LIST>
                 </ALLLEDGERENTRIES.LIST>
       <ALLLEDGERENTRIES.LIST>
                <REMOVEZEROENTRIES>No</REMOVEZEROENTRIES>
                <ISDEEMEDPOSITIVE>Yes</ISDEEMEDPOSITIVE>
                <LEDGERFROMITEM>No</LEDGERFROMITEM><BILLALLOCATIONS.LIST>
                    <NAME>DIN202400346</NAME>
                    <BILLTYPE>New Ref</BILLTYPE>
                    <BILLCREDITPERIOD/>
                    <AMOUNT>-514
                    </AMOUNT>
                </BILLALLOCATIONS.LIST>
            </ALLLEDGERENTRIES.LIST>


        

   <ALLLEDGERENTRIES.LIST>
                <REMOVEZEROENTRIES>No</REMOVEZEROENTRIES>
                <ISDEEMEDPOSITIVE>No</ISDEEMEDPOSITIVE>
                <LEDGERFROMITEM>No</LEDGERFROMITEM>
                <LEDGERNAME>Food @5%</LEDGERNAME>
                <AMOUNT>490</AMOUNT>
            </ALLLEDGERENTRIES.LIST>
            <ALLLEDGERENTRIES.LIST>
                <REMOVEZEROENTRIES>No</REMOVEZEROENTRIES>
                <ISDEEMEDPOSITIVE>No</ISDEEMEDPOSITIVE>
                <LEDGERFROMITEM>No</LEDGERFROMITEM>
                <LEDGERNAME>CGST@2.5%</LEDGERNAME>
                <AMOUNT>12</AMOUNT>
            </ALLLEDGERENTRIES.LIST>
            <ALLLEDGERENTRIES.LIST>
                <REMOVEZEROENTRIES>No</REMOVEZEROENTRIES>
                <ISDEEMEDPOSITIVE>No</ISDEEMEDPOSITIVE>
                <LEDGERFROMITEM>No</LEDGERFROMITEM>
                <LEDGERNAME>SGST@2.5%</LEDGERNAME>
                <AMOUNT>12</AMOUNT>
            </ALLLEDGERENTRIES.LIST>
        
    </VOUCHER>
</TALLYMESSAGE>
<TALLYMESSAGE xmlns:UDF="TallyUDF">
    <VOUCHER VCHTYPE="Counter Sales" ACTION="Create">
        <ISOPTIONAL>No</ISOPTIONAL>
        <USEFORGAINLOSS>No</USEFORGAINLOSS>
        <USEFORCOMPOUND>No</USEFORCOMPOUND>
        <VOUCHERTYPENAME>Counter Sales</VOUCHERTYPENAME>
        <DATE>22-11-2024</DATE>
        <EFFECTIVEDATE>22-11-2024</EFFECTIVEDATE>
        <ISCANCELLED>No</ISCANCELLED>
        <USETRACKINGNUMBER>No</USETRACKINGNUMBER>
        <ISPOSTDATED>No</ISPOSTDATED>
        <ISINVOICE>No</ISINVOICE>
        <DIFFACTUALQTY>No</DIFFACTUALQTY>
        <VOUCHERNUMBER>DIN202400347</VOUCHERNUMBER>
        <REFERENCE>DIN202400347</REFERENCE>
        <PARTYLEDGERNAME></PARTYLEDGERNAME>
      <NARRATION>DIN202400347 GUEST NAME:OGGA OGGA</NARRATION>

        <UDF:HARYANAVAT.LIST DESC="`HARYANAVAT`"></UDF:HARYANAVAT.LIST><ALLLEDGERENTRIES.LIST>
                <REMOVEZEROENTRIES>No</REMOVEZEROENTRIES>
                <ISDEEMEDPOSITIVE>Yes</ISDEEMEDPOSITIVE>
                <LEDGERFROMITEM>No</LEDGERFROMITEM><LEDGERNAME>Cash</LEDGERNAME>
                <AMOUNT>-1260</AMOUNT>
     <BILLALLOCATIONS.LIST>
                    <NAME>DIN202400347</NAME>
                    <BILLTYPE>New Ref</BILLTYPE>
                    <BILLCREDITPERIOD/>
                    <AMOUNT>-1260
                    </AMOUNT>
                </BILLALLOCATIONS.LIST>
                 </ALLLEDGERENTRIES.LIST>
       <ALLLEDGERENTRIES.LIST>
                <REMOVEZEROENTRIES>No</REMOVEZEROENTRIES>
                <ISDEEMEDPOSITIVE>Yes</ISDEEMEDPOSITIVE>
                <LEDGERFROMITEM>No</LEDGERFROMITEM><BILLALLOCATIONS.LIST>
                    <NAME>DIN202400347</NAME>
                    <BILLTYPE>New Ref</BILLTYPE>
                    <BILLCREDITPERIOD/>
                    <AMOUNT>-1260
                    </AMOUNT>
                </BILLALLOCATIONS.LIST>
            </ALLLEDGERENTRIES.LIST>


        

   <ALLLEDGERENTRIES.LIST>
                <REMOVEZEROENTRIES>No</REMOVEZEROENTRIES>
                <ISDEEMEDPOSITIVE>No</ISDEEMEDPOSITIVE>
                <LEDGERFROMITEM>No</LEDGERFROMITEM>
                <LEDGERNAME>Food @5%</LEDGERNAME>
                <AMOUNT>1200</AMOUNT>
            </ALLLEDGERENTRIES.LIST>
            <ALLLEDGERENTRIES.LIST>
                <REMOVEZEROENTRIES>No</REMOVEZEROENTRIES>
                <ISDEEMEDPOSITIVE>No</ISDEEMEDPOSITIVE>
                <LEDGERFROMITEM>No</LEDGERFROMITEM>
                <LEDGERNAME>CGST@2.5%</LEDGERNAME>
                <AMOUNT>30</AMOUNT>
            </ALLLEDGERENTRIES.LIST>
            <ALLLEDGERENTRIES.LIST>
                <REMOVEZEROENTRIES>No</REMOVEZEROENTRIES>
                <ISDEEMEDPOSITIVE>No</ISDEEMEDPOSITIVE>
                <LEDGERFROMITEM>No</LEDGERFROMITEM>
                <LEDGERNAME>SGST@2.5%</LEDGERNAME>
                <AMOUNT>30</AMOUNT>
            </ALLLEDGERENTRIES.LIST>
        
    </VOUCHER>
</TALLYMESSAGE>
<TALLYMESSAGE xmlns:UDF="TallyUDF">
    <VOUCHER VCHTYPE="Counter Sales" ACTION="Create">
        <ISOPTIONAL>No</ISOPTIONAL>
        <USEFORGAINLOSS>No</USEFORGAINLOSS>
        <USEFORCOMPOUND>No</USEFORCOMPOUND>
        <VOUCHERTYPENAME>Counter Sales</VOUCHERTYPENAME>
        <DATE>22-11-2024</DATE>
        <EFFECTIVEDATE>22-11-2024</EFFECTIVEDATE>
        <ISCANCELLED>No</ISCANCELLED>
        <USETRACKINGNUMBER>No</USETRACKINGNUMBER>
        <ISPOSTDATED>No</ISPOSTDATED>
        <ISINVOICE>No</ISINVOICE>
        <DIFFACTUALQTY>No</DIFFACTUALQTY>
        <VOUCHERNUMBER>DIN202400348</VOUCHERNUMBER>
        <REFERENCE>DIN202400348</REFERENCE>
        <PARTYLEDGERNAME></PARTYLEDGERNAME>
      <NARRATION>DIN202400348 GUEST NAME:SUCARI SUCARI</NARRATION>

        <UDF:HARYANAVAT.LIST DESC="`HARYANAVAT`"></UDF:HARYANAVAT.LIST><ALLLEDGERENTRIES.LIST>
                <REMOVEZEROENTRIES>No</REMOVEZEROENTRIES>
                <ISDEEMEDPOSITIVE>Yes</ISDEEMEDPOSITIVE>
                <LEDGERFROMITEM>No</LEDGERFROMITEM><LEDGERNAME>Cash</LEDGERNAME>
                <AMOUNT>-840</AMOUNT>
     <BILLALLOCATIONS.LIST>
                    <NAME>DIN202400348</NAME>
                    <BILLTYPE>New Ref</BILLTYPE>
                    <BILLCREDITPERIOD/>
                    <AMOUNT>-840
                    </AMOUNT>
                </BILLALLOCATIONS.LIST>
                 </ALLLEDGERENTRIES.LIST>
       <ALLLEDGERENTRIES.LIST>
                <REMOVEZEROENTRIES>No</REMOVEZEROENTRIES>
                <ISDEEMEDPOSITIVE>Yes</ISDEEMEDPOSITIVE>
                <LEDGERFROMITEM>No</LEDGERFROMITEM><BILLALLOCATIONS.LIST>
                    <NAME>DIN202400348</NAME>
                    <BILLTYPE>New Ref</BILLTYPE>
                    <BILLCREDITPERIOD/>
                    <AMOUNT>-840
                    </AMOUNT>
                </BILLALLOCATIONS.LIST>
            </ALLLEDGERENTRIES.LIST>


        

   <ALLLEDGERENTRIES.LIST>
                <REMOVEZEROENTRIES>No</REMOVEZEROENTRIES>
                <ISDEEMEDPOSITIVE>No</ISDEEMEDPOSITIVE>
                <LEDGERFROMITEM>No</LEDGERFROMITEM>
                <LEDGERNAME>Food @5%</LEDGERNAME>
                <AMOUNT>800</AMOUNT>
            </ALLLEDGERENTRIES.LIST>
            <ALLLEDGERENTRIES.LIST>
                <REMOVEZEROENTRIES>No</REMOVEZEROENTRIES>
                <ISDEEMEDPOSITIVE>No</ISDEEMEDPOSITIVE>
                <LEDGERFROMITEM>No</LEDGERFROMITEM>
                <LEDGERNAME>CGST@2.5%</LEDGERNAME>
                <AMOUNT>20</AMOUNT>
            </ALLLEDGERENTRIES.LIST>
            <ALLLEDGERENTRIES.LIST>
                <REMOVEZEROENTRIES>No</REMOVEZEROENTRIES>
                <ISDEEMEDPOSITIVE>No</ISDEEMEDPOSITIVE>
                <LEDGERFROMITEM>No</LEDGERFROMITEM>
                <LEDGERNAME>SGST@2.5%</LEDGERNAME>
                <AMOUNT>20</AMOUNT>
            </ALLLEDGERENTRIES.LIST>
        
    </VOUCHER>
</TALLYMESSAGE>
<TALLYMESSAGE xmlns:UDF="TallyUDF">
    <VOUCHER VCHTYPE="Counter Sales" ACTION="Create">
        <ISOPTIONAL>No</ISOPTIONAL>
        <USEFORGAINLOSS>No</USEFORGAINLOSS>
        <USEFORCOMPOUND>No</USEFORCOMPOUND>
        <VOUCHERTYPENAME>Counter Sales</VOUCHERTYPENAME>
        <DATE>22-11-2024</DATE>
        <EFFECTIVEDATE>22-11-2024</EFFECTIVEDATE>
        <ISCANCELLED>No</ISCANCELLED>
        <USETRACKINGNUMBER>No</USETRACKINGNUMBER>
        <ISPOSTDATED>No</ISPOSTDATED>
        <ISINVOICE>No</ISINVOICE>
        <DIFFACTUALQTY>No</DIFFACTUALQTY>
        <VOUCHERNUMBER>DIN202400349</VOUCHERNUMBER>
        <REFERENCE>DIN202400349</REFERENCE>
        <PARTYLEDGERNAME></PARTYLEDGERNAME>
      <NARRATION>DIN202400349 GUEST NAME:202</NARRATION>

        <UDF:HARYANAVAT.LIST DESC="`HARYANAVAT`"></UDF:HARYANAVAT.LIST><ALLLEDGERENTRIES.LIST>
                <REMOVEZEROENTRIES>No</REMOVEZEROENTRIES>
                <ISDEEMEDPOSITIVE>Yes</ISDEEMEDPOSITIVE>
                <LEDGERFROMITEM>No</LEDGERFROMITEM><LEDGERNAME>Cash</LEDGERNAME>
                <AMOUNT>-652</AMOUNT>
     <BILLALLOCATIONS.LIST>
                    <NAME>DIN202400349</NAME>
                    <BILLTYPE>New Ref</BILLTYPE>
                    <BILLCREDITPERIOD/>
                    <AMOUNT>-652
                    </AMOUNT>
                </BILLALLOCATIONS.LIST>
                 </ALLLEDGERENTRIES.LIST>
       <ALLLEDGERENTRIES.LIST>
                <REMOVEZEROENTRIES>No</REMOVEZEROENTRIES>
                <ISDEEMEDPOSITIVE>Yes</ISDEEMEDPOSITIVE>
                <LEDGERFROMITEM>No</LEDGERFROMITEM><BILLALLOCATIONS.LIST>
                    <NAME>DIN202400349</NAME>
                    <BILLTYPE>New Ref</BILLTYPE>
                    <BILLCREDITPERIOD/>
                    <AMOUNT>-652
                    </AMOUNT>
                </BILLALLOCATIONS.LIST>
            </ALLLEDGERENTRIES.LIST>


        

   <ALLLEDGERENTRIES.LIST>
                <REMOVEZEROENTRIES>No</REMOVEZEROENTRIES>
                <ISDEEMEDPOSITIVE>No</ISDEEMEDPOSITIVE>
                <LEDGERFROMITEM>No</LEDGERFROMITEM>
                <LEDGERNAME>Food @5%</LEDGERNAME>
                <AMOUNT>620</AMOUNT>
            </ALLLEDGERENTRIES.LIST>
            <ALLLEDGERENTRIES.LIST>
                <REMOVEZEROENTRIES>No</REMOVEZEROENTRIES>
                <ISDEEMEDPOSITIVE>No</ISDEEMEDPOSITIVE>
                <LEDGERFROMITEM>No</LEDGERFROMITEM>
                <LEDGERNAME>CGST@2.5%</LEDGERNAME>
                <AMOUNT>16</AMOUNT>
            </ALLLEDGERENTRIES.LIST>
            <ALLLEDGERENTRIES.LIST>
                <REMOVEZEROENTRIES>No</REMOVEZEROENTRIES>
                <ISDEEMEDPOSITIVE>No</ISDEEMEDPOSITIVE>
                <LEDGERFROMITEM>No</LEDGERFROMITEM>
                <LEDGERNAME>SGST@2.5%</LEDGERNAME>
                <AMOUNT>16</AMOUNT>
            </ALLLEDGERENTRIES.LIST>
        
    </VOUCHER>
</TALLYMESSAGE>
<TALLYMESSAGE xmlns:UDF="TallyUDF">
    <VOUCHER VCHTYPE="Counter Sales" ACTION="Create">
        <ISOPTIONAL>No</ISOPTIONAL>
        <USEFORGAINLOSS>No</USEFORGAINLOSS>
        <USEFORCOMPOUND>No</USEFORCOMPOUND>
        <VOUCHERTYPENAME>Counter Sales</VOUCHERTYPENAME>
        <DATE>22-11-2024</DATE>
        <EFFECTIVEDATE>22-11-2024</EFFECTIVEDATE>
        <ISCANCELLED>No</ISCANCELLED>
        <USETRACKINGNUMBER>No</USETRACKINGNUMBER>
        <ISPOSTDATED>No</ISPOSTDATED>
        <ISINVOICE>No</ISINVOICE>
        <DIFFACTUALQTY>No</DIFFACTUALQTY>
        <VOUCHERNUMBER>DIN202400352</VOUCHERNUMBER>
        <REFERENCE>DIN202400352</REFERENCE>
        <PARTYLEDGERNAME></PARTYLEDGERNAME>
      <NARRATION>DIN202400352 GUEST NAME:203</NARRATION>

        <UDF:HARYANAVAT.LIST DESC="`HARYANAVAT`"></UDF:HARYANAVAT.LIST><ALLLEDGERENTRIES.LIST>
                <REMOVEZEROENTRIES>No</REMOVEZEROENTRIES>
                <ISDEEMEDPOSITIVE>Yes</ISDEEMEDPOSITIVE>
                <LEDGERFROMITEM>No</LEDGERFROMITEM><LEDGERNAME>Cash</LEDGERNAME>
                <AMOUNT>-316</AMOUNT>
     <BILLALLOCATIONS.LIST>
                    <NAME>DIN202400352</NAME>
                    <BILLTYPE>New Ref</BILLTYPE>
                    <BILLCREDITPERIOD/>
                    <AMOUNT>-316
                    </AMOUNT>
                </BILLALLOCATIONS.LIST>
                 </ALLLEDGERENTRIES.LIST>
       <ALLLEDGERENTRIES.LIST>
                <REMOVEZEROENTRIES>No</REMOVEZEROENTRIES>
                <ISDEEMEDPOSITIVE>Yes</ISDEEMEDPOSITIVE>
                <LEDGERFROMITEM>No</LEDGERFROMITEM><BILLALLOCATIONS.LIST>
                    <NAME>DIN202400352</NAME>
                    <BILLTYPE>New Ref</BILLTYPE>
                    <BILLCREDITPERIOD/>
                    <AMOUNT>-316
                    </AMOUNT>
                </BILLALLOCATIONS.LIST>
            </ALLLEDGERENTRIES.LIST>


        

   <ALLLEDGERENTRIES.LIST>
                <REMOVEZEROENTRIES>No</REMOVEZEROENTRIES>
                <ISDEEMEDPOSITIVE>No</ISDEEMEDPOSITIVE>
                <LEDGERFROMITEM>No</LEDGERFROMITEM>
                <LEDGERNAME>Food @5%</LEDGERNAME>
                <AMOUNT>300</AMOUNT>
            </ALLLEDGERENTRIES.LIST>
            <ALLLEDGERENTRIES.LIST>
                <REMOVEZEROENTRIES>No</REMOVEZEROENTRIES>
                <ISDEEMEDPOSITIVE>No</ISDEEMEDPOSITIVE>
                <LEDGERFROMITEM>No</LEDGERFROMITEM>
                <LEDGERNAME>CGST@2.5%</LEDGERNAME>
                <AMOUNT>8</AMOUNT>
            </ALLLEDGERENTRIES.LIST>
            <ALLLEDGERENTRIES.LIST>
                <REMOVEZEROENTRIES>No</REMOVEZEROENTRIES>
                <ISDEEMEDPOSITIVE>No</ISDEEMEDPOSITIVE>
                <LEDGERFROMITEM>No</LEDGERFROMITEM>
                <LEDGERNAME>SGST@2.5%</LEDGERNAME>
                <AMOUNT>8</AMOUNT>
            </ALLLEDGERENTRIES.LIST>
        
    </VOUCHER>
</TALLYMESSAGE>
<TALLYMESSAGE xmlns:UDF="TallyUDF">
    <VOUCHER VCHTYPE="Counter Sales" ACTION="Create">
        <ISOPTIONAL>No</ISOPTIONAL>
        <USEFORGAINLOSS>No</USEFORGAINLOSS>
        <USEFORCOMPOUND>No</USEFORCOMPOUND>
        <VOUCHERTYPENAME>Counter Sales</VOUCHERTYPENAME>
        <DATE>22-11-2024</DATE>
        <EFFECTIVEDATE>22-11-2024</EFFECTIVEDATE>
        <ISCANCELLED>No</ISCANCELLED>
        <USETRACKINGNUMBER>No</USETRACKINGNUMBER>
        <ISPOSTDATED>No</ISPOSTDATED>
        <ISINVOICE>No</ISINVOICE>
        <DIFFACTUALQTY>No</DIFFACTUALQTY>
        <VOUCHERNUMBER>DIN202400353</VOUCHERNUMBER>
        <REFERENCE>DIN202400353</REFERENCE>
        <PARTYLEDGERNAME></PARTYLEDGERNAME>
      <NARRATION>DIN202400353 GUEST NAME:214</NARRATION>

        <UDF:HARYANAVAT.LIST DESC="`HARYANAVAT`"></UDF:HARYANAVAT.LIST><ALLLEDGERENTRIES.LIST>
                <REMOVEZEROENTRIES>No</REMOVEZEROENTRIES>
                <ISDEEMEDPOSITIVE>Yes</ISDEEMEDPOSITIVE>
                <LEDGERFROMITEM>No</LEDGERFROMITEM><LEDGERNAME>Cash</LEDGERNAME>
                <AMOUNT>-956</AMOUNT>
     <BILLALLOCATIONS.LIST>
                    <NAME>DIN202400353</NAME>
                    <BILLTYPE>New Ref</BILLTYPE>
                    <BILLCREDITPERIOD/>
                    <AMOUNT>-956
                    </AMOUNT>
                </BILLALLOCATIONS.LIST>
                 </ALLLEDGERENTRIES.LIST>
       <ALLLEDGERENTRIES.LIST>
                <REMOVEZEROENTRIES>No</REMOVEZEROENTRIES>
                <ISDEEMEDPOSITIVE>Yes</ISDEEMEDPOSITIVE>
                <LEDGERFROMITEM>No</LEDGERFROMITEM><BILLALLOCATIONS.LIST>
                    <NAME>DIN202400353</NAME>
                    <BILLTYPE>New Ref</BILLTYPE>
                    <BILLCREDITPERIOD/>
                    <AMOUNT>-956
                    </AMOUNT>
                </BILLALLOCATIONS.LIST>
            </ALLLEDGERENTRIES.LIST>


        

   <ALLLEDGERENTRIES.LIST>
                <REMOVEZEROENTRIES>No</REMOVEZEROENTRIES>
                <ISDEEMEDPOSITIVE>No</ISDEEMEDPOSITIVE>
                <LEDGERFROMITEM>No</LEDGERFROMITEM>
                <LEDGERNAME>Food @5%</LEDGERNAME>
                <AMOUNT>910</AMOUNT>
            </ALLLEDGERENTRIES.LIST>
            <ALLLEDGERENTRIES.LIST>
                <REMOVEZEROENTRIES>No</REMOVEZEROENTRIES>
                <ISDEEMEDPOSITIVE>No</ISDEEMEDPOSITIVE>
                <LEDGERFROMITEM>No</LEDGERFROMITEM>
                <LEDGERNAME>CGST@2.5%</LEDGERNAME>
                <AMOUNT>23</AMOUNT>
            </ALLLEDGERENTRIES.LIST>
            <ALLLEDGERENTRIES.LIST>
                <REMOVEZEROENTRIES>No</REMOVEZEROENTRIES>
                <ISDEEMEDPOSITIVE>No</ISDEEMEDPOSITIVE>
                <LEDGERFROMITEM>No</LEDGERFROMITEM>
                <LEDGERNAME>SGST@2.5%</LEDGERNAME>
                <AMOUNT>23</AMOUNT>
            </ALLLEDGERENTRIES.LIST>
        
    </VOUCHER>
</TALLYMESSAGE>
<TALLYMESSAGE xmlns:UDF="TallyUDF">
    <VOUCHER VCHTYPE="Counter Sales" ACTION="Create">
        <ISOPTIONAL>No</ISOPTIONAL>
        <USEFORGAINLOSS>No</USEFORGAINLOSS>
        <USEFORCOMPOUND>No</USEFORCOMPOUND>
        <VOUCHERTYPENAME>Counter Sales</VOUCHERTYPENAME>
        <DATE>22-11-2024</DATE>
        <EFFECTIVEDATE>22-11-2024</EFFECTIVEDATE>
        <ISCANCELLED>No</ISCANCELLED>
        <USETRACKINGNUMBER>No</USETRACKINGNUMBER>
        <ISPOSTDATED>No</ISPOSTDATED>
        <ISINVOICE>No</ISINVOICE>
        <DIFFACTUALQTY>No</DIFFACTUALQTY>
        <VOUCHERNUMBER>DIN202400354</VOUCHERNUMBER>
        <REFERENCE>DIN202400354</REFERENCE>
        <PARTYLEDGERNAME></PARTYLEDGERNAME>
      <NARRATION>DIN202400354 GUEST NAME:DEXTER COHEN</NARRATION>

        <UDF:HARYANAVAT.LIST DESC="`HARYANAVAT`"></UDF:HARYANAVAT.LIST><ALLLEDGERENTRIES.LIST>
                <REMOVEZEROENTRIES>No</REMOVEZEROENTRIES>
                <ISDEEMEDPOSITIVE>Yes</ISDEEMEDPOSITIVE>
                <LEDGERFROMITEM>No</LEDGERFROMITEM><LEDGERNAME>Cash</LEDGERNAME>
                <AMOUNT>-724</AMOUNT>
     <BILLALLOCATIONS.LIST>
                    <NAME>DIN202400354</NAME>
                    <BILLTYPE>New Ref</BILLTYPE>
                    <BILLCREDITPERIOD/>
                    <AMOUNT>-724
                    </AMOUNT>
                </BILLALLOCATIONS.LIST>
                 </ALLLEDGERENTRIES.LIST>
       <ALLLEDGERENTRIES.LIST>
                <REMOVEZEROENTRIES>No</REMOVEZEROENTRIES>
                <ISDEEMEDPOSITIVE>Yes</ISDEEMEDPOSITIVE>
                <LEDGERFROMITEM>No</LEDGERFROMITEM><BILLALLOCATIONS.LIST>
                    <NAME>DIN202400354</NAME>
                    <BILLTYPE>New Ref</BILLTYPE>
                    <BILLCREDITPERIOD/>
                    <AMOUNT>-724
                    </AMOUNT>
                </BILLALLOCATIONS.LIST>
            </ALLLEDGERENTRIES.LIST>


        

   <ALLLEDGERENTRIES.LIST>
                <REMOVEZEROENTRIES>No</REMOVEZEROENTRIES>
                <ISDEEMEDPOSITIVE>No</ISDEEMEDPOSITIVE>
                <LEDGERFROMITEM>No</LEDGERFROMITEM>
                <LEDGERNAME>Food @5%</LEDGERNAME>
                <AMOUNT>690</AMOUNT>
            </ALLLEDGERENTRIES.LIST>
            <ALLLEDGERENTRIES.LIST>
                <REMOVEZEROENTRIES>No</REMOVEZEROENTRIES>
                <ISDEEMEDPOSITIVE>No</ISDEEMEDPOSITIVE>
                <LEDGERFROMITEM>No</LEDGERFROMITEM>
                <LEDGERNAME>CGST@2.5%</LEDGERNAME>
                <AMOUNT>17</AMOUNT>
            </ALLLEDGERENTRIES.LIST>
            <ALLLEDGERENTRIES.LIST>
                <REMOVEZEROENTRIES>No</REMOVEZEROENTRIES>
                <ISDEEMEDPOSITIVE>No</ISDEEMEDPOSITIVE>
                <LEDGERFROMITEM>No</LEDGERFROMITEM>
                <LEDGERNAME>SGST@2.5%</LEDGERNAME>
                <AMOUNT>17</AMOUNT>
            </ALLLEDGERENTRIES.LIST>
        
    </VOUCHER>
</TALLYMESSAGE>
<TALLYMESSAGE xmlns:UDF="TallyUDF">
    <VOUCHER VCHTYPE="Counter Sales" ACTION="Create">
        <ISOPTIONAL>No</ISOPTIONAL>
        <USEFORGAINLOSS>No</USEFORGAINLOSS>
        <USEFORCOMPOUND>No</USEFORCOMPOUND>
        <VOUCHERTYPENAME>Counter Sales</VOUCHERTYPENAME>
        <DATE>23-11-2024</DATE>
        <EFFECTIVEDATE>23-11-2024</EFFECTIVEDATE>
        <ISCANCELLED>No</ISCANCELLED>
        <USETRACKINGNUMBER>No</USETRACKINGNUMBER>
        <ISPOSTDATED>No</ISPOSTDATED>
        <ISINVOICE>No</ISINVOICE>
        <DIFFACTUALQTY>No</DIFFACTUALQTY>
        <VOUCHERNUMBER>DIN202400355</VOUCHERNUMBER>
        <REFERENCE>DIN202400355</REFERENCE>
        <PARTYLEDGERNAME></PARTYLEDGERNAME>
      <NARRATION>DIN202400355 GUEST NAME:Isriyal s</NARRATION>

        <UDF:HARYANAVAT.LIST DESC="`HARYANAVAT`"></UDF:HARYANAVAT.LIST><ALLLEDGERENTRIES.LIST>
                <REMOVEZEROENTRIES>No</REMOVEZEROENTRIES>
                <ISDEEMEDPOSITIVE>Yes</ISDEEMEDPOSITIVE>
                <LEDGERFROMITEM>No</LEDGERFROMITEM><LEDGERNAME>Cash</LEDGERNAME>
                <AMOUNT>-3426</AMOUNT>
     <BILLALLOCATIONS.LIST>
                    <NAME>DIN202400355</NAME>
                    <BILLTYPE>New Ref</BILLTYPE>
                    <BILLCREDITPERIOD/>
                    <AMOUNT>-3426
                    </AMOUNT>
                </BILLALLOCATIONS.LIST>
                 </ALLLEDGERENTRIES.LIST>
       <ALLLEDGERENTRIES.LIST>
                <REMOVEZEROENTRIES>No</REMOVEZEROENTRIES>
                <ISDEEMEDPOSITIVE>Yes</ISDEEMEDPOSITIVE>
                <LEDGERFROMITEM>No</LEDGERFROMITEM><BILLALLOCATIONS.LIST>
                    <NAME>DIN202400355</NAME>
                    <BILLTYPE>New Ref</BILLTYPE>
                    <BILLCREDITPERIOD/>
                    <AMOUNT>-3426
                    </AMOUNT>
                </BILLALLOCATIONS.LIST>
            </ALLLEDGERENTRIES.LIST>


        

   <ALLLEDGERENTRIES.LIST>
                <REMOVEZEROENTRIES>No</REMOVEZEROENTRIES>
                <ISDEEMEDPOSITIVE>No</ISDEEMEDPOSITIVE>
                <LEDGERFROMITEM>No</LEDGERFROMITEM>
                <LEDGERNAME>Food @5%</LEDGERNAME>
                <AMOUNT>3262</AMOUNT>
            </ALLLEDGERENTRIES.LIST>
            <ALLLEDGERENTRIES.LIST>
                <REMOVEZEROENTRIES>No</REMOVEZEROENTRIES>
                <ISDEEMEDPOSITIVE>No</ISDEEMEDPOSITIVE>
                <LEDGERFROMITEM>No</LEDGERFROMITEM>
                <LEDGERNAME>CGST@2.5%</LEDGERNAME>
                <AMOUNT>82</AMOUNT>
            </ALLLEDGERENTRIES.LIST>
            <ALLLEDGERENTRIES.LIST>
                <REMOVEZEROENTRIES>No</REMOVEZEROENTRIES>
                <ISDEEMEDPOSITIVE>No</ISDEEMEDPOSITIVE>
                <LEDGERFROMITEM>No</LEDGERFROMITEM>
                <LEDGERNAME>SGST@2.5%</LEDGERNAME>
                <AMOUNT>82</AMOUNT>
            </ALLLEDGERENTRIES.LIST>
        
    </VOUCHER>
</TALLYMESSAGE>
<TALLYMESSAGE xmlns:UDF="TallyUDF">
    <VOUCHER VCHTYPE="Counter Sales" ACTION="Create">
        <ISOPTIONAL>No</ISOPTIONAL>
        <USEFORGAINLOSS>No</USEFORGAINLOSS>
        <USEFORCOMPOUND>No</USEFORCOMPOUND>
        <VOUCHERTYPENAME>Counter Sales</VOUCHERTYPENAME>
        <DATE>25-11-2024</DATE>
        <EFFECTIVEDATE>25-11-2024</EFFECTIVEDATE>
        <ISCANCELLED>No</ISCANCELLED>
        <USETRACKINGNUMBER>No</USETRACKINGNUMBER>
        <ISPOSTDATED>No</ISPOSTDATED>
        <ISINVOICE>No</ISINVOICE>
        <DIFFACTUALQTY>No</DIFFACTUALQTY>
        <VOUCHERNUMBER>DIN202400356</VOUCHERNUMBER>
        <REFERENCE>DIN202400356</REFERENCE>
        <PARTYLEDGERNAME></PARTYLEDGERNAME>
      <NARRATION>DIN202400356 GUEST NAME:103,104,108,109</NARRATION>

        <UDF:HARYANAVAT.LIST DESC="`HARYANAVAT`"></UDF:HARYANAVAT.LIST><ALLLEDGERENTRIES.LIST>
                <REMOVEZEROENTRIES>No</REMOVEZEROENTRIES>
                <ISDEEMEDPOSITIVE>Yes</ISDEEMEDPOSITIVE>
                <LEDGERFROMITEM>No</LEDGERFROMITEM><LEDGERNAME>Cash</LEDGERNAME>
                <AMOUNT>-1102</AMOUNT>
     <BILLALLOCATIONS.LIST>
                    <NAME>DIN202400356</NAME>
                    <BILLTYPE>New Ref</BILLTYPE>
                    <BILLCREDITPERIOD/>
                    <AMOUNT>-1102
                    </AMOUNT>
                </BILLALLOCATIONS.LIST>
                 </ALLLEDGERENTRIES.LIST>
       <ALLLEDGERENTRIES.LIST>
                <REMOVEZEROENTRIES>No</REMOVEZEROENTRIES>
                <ISDEEMEDPOSITIVE>Yes</ISDEEMEDPOSITIVE>
                <LEDGERFROMITEM>No</LEDGERFROMITEM><BILLALLOCATIONS.LIST>
                    <NAME>DIN202400356</NAME>
                    <BILLTYPE>New Ref</BILLTYPE>
                    <BILLCREDITPERIOD/>
                    <AMOUNT>-1102
                    </AMOUNT>
                </BILLALLOCATIONS.LIST>
            </ALLLEDGERENTRIES.LIST>


        

   <ALLLEDGERENTRIES.LIST>
                <REMOVEZEROENTRIES>No</REMOVEZEROENTRIES>
                <ISDEEMEDPOSITIVE>No</ISDEEMEDPOSITIVE>
                <LEDGERFROMITEM>No</LEDGERFROMITEM>
                <LEDGERNAME>Food @5%</LEDGERNAME>
                <AMOUNT>1050</AMOUNT>
            </ALLLEDGERENTRIES.LIST>
            <ALLLEDGERENTRIES.LIST>
                <REMOVEZEROENTRIES>No</REMOVEZEROENTRIES>
                <ISDEEMEDPOSITIVE>No</ISDEEMEDPOSITIVE>
                <LEDGERFROMITEM>No</LEDGERFROMITEM>
                <LEDGERNAME>CGST@2.5%</LEDGERNAME>
                <AMOUNT>26</AMOUNT>
            </ALLLEDGERENTRIES.LIST>
            <ALLLEDGERENTRIES.LIST>
                <REMOVEZEROENTRIES>No</REMOVEZEROENTRIES>
                <ISDEEMEDPOSITIVE>No</ISDEEMEDPOSITIVE>
                <LEDGERFROMITEM>No</LEDGERFROMITEM>
                <LEDGERNAME>SGST@2.5%</LEDGERNAME>
                <AMOUNT>26</AMOUNT>
            </ALLLEDGERENTRIES.LIST>
        
    </VOUCHER>
</TALLYMESSAGE>
<TALLYMESSAGE xmlns:UDF="TallyUDF">
    <VOUCHER VCHTYPE="Counter Sales" ACTION="Create">
        <ISOPTIONAL>No</ISOPTIONAL>
        <USEFORGAINLOSS>No</USEFORGAINLOSS>
        <USEFORCOMPOUND>No</USEFORCOMPOUND>
        <VOUCHERTYPENAME>Counter Sales</VOUCHERTYPENAME>
        <DATE>25-11-2024</DATE>
        <EFFECTIVEDATE>25-11-2024</EFFECTIVEDATE>
        <ISCANCELLED>No</ISCANCELLED>
        <USETRACKINGNUMBER>No</USETRACKINGNUMBER>
        <ISPOSTDATED>No</ISPOSTDATED>
        <ISINVOICE>No</ISINVOICE>
        <DIFFACTUALQTY>No</DIFFACTUALQTY>
        <VOUCHERNUMBER>DIN202400357</VOUCHERNUMBER>
        <REFERENCE>DIN202400357</REFERENCE>
        <PARTYLEDGERNAME></PARTYLEDGERNAME>
      <NARRATION>DIN202400357 GUEST NAME:RAJESH CHOUDHARY</NARRATION>

        <UDF:HARYANAVAT.LIST DESC="`HARYANAVAT`"></UDF:HARYANAVAT.LIST><ALLLEDGERENTRIES.LIST>
                <REMOVEZEROENTRIES>No</REMOVEZEROENTRIES>
                <ISDEEMEDPOSITIVE>Yes</ISDEEMEDPOSITIVE>
                <LEDGERFROMITEM>No</LEDGERFROMITEM><LEDGERNAME>CBI 5532547292</LEDGERNAME>
                <AMOUNT>-158</AMOUNT>
     <BILLALLOCATIONS.LIST>
                    <NAME>DIN202400357</NAME>
                    <BILLTYPE>New Ref</BILLTYPE>
                    <BILLCREDITPERIOD/>
                    <AMOUNT>-158
                    </AMOUNT>
                </BILLALLOCATIONS.LIST>
                 </ALLLEDGERENTRIES.LIST>
       <ALLLEDGERENTRIES.LIST>
                <REMOVEZEROENTRIES>No</REMOVEZEROENTRIES>
                <ISDEEMEDPOSITIVE>Yes</ISDEEMEDPOSITIVE>
                <LEDGERFROMITEM>No</LEDGERFROMITEM><BILLALLOCATIONS.LIST>
                    <NAME>DIN202400357</NAME>
                    <BILLTYPE>New Ref</BILLTYPE>
                    <BILLCREDITPERIOD/>
                    <AMOUNT>-158
                    </AMOUNT>
                </BILLALLOCATIONS.LIST>
            </ALLLEDGERENTRIES.LIST>


        

   <ALLLEDGERENTRIES.LIST>
                <REMOVEZEROENTRIES>No</REMOVEZEROENTRIES>
                <ISDEEMEDPOSITIVE>No</ISDEEMEDPOSITIVE>
                <LEDGERFROMITEM>No</LEDGERFROMITEM>
                <LEDGERNAME>Food @5%</LEDGERNAME>
                <AMOUNT>150</AMOUNT>
            </ALLLEDGERENTRIES.LIST>
            <ALLLEDGERENTRIES.LIST>
                <REMOVEZEROENTRIES>No</REMOVEZEROENTRIES>
                <ISDEEMEDPOSITIVE>No</ISDEEMEDPOSITIVE>
                <LEDGERFROMITEM>No</LEDGERFROMITEM>
                <LEDGERNAME>CGST@2.5%</LEDGERNAME>
                <AMOUNT>4</AMOUNT>
            </ALLLEDGERENTRIES.LIST>
            <ALLLEDGERENTRIES.LIST>
                <REMOVEZEROENTRIES>No</REMOVEZEROENTRIES>
                <ISDEEMEDPOSITIVE>No</ISDEEMEDPOSITIVE>
                <LEDGERFROMITEM>No</LEDGERFROMITEM>
                <LEDGERNAME>SGST@2.5%</LEDGERNAME>
                <AMOUNT>4</AMOUNT>
            </ALLLEDGERENTRIES.LIST>
        
    </VOUCHER>
</TALLYMESSAGE>
<TALLYMESSAGE xmlns:UDF="TallyUDF">
    <VOUCHER VCHTYPE="Counter Sales" ACTION="Create">
        <ISOPTIONAL>No</ISOPTIONAL>
        <USEFORGAINLOSS>No</USEFORGAINLOSS>
        <USEFORCOMPOUND>No</USEFORCOMPOUND>
        <VOUCHERTYPENAME>Counter Sales</VOUCHERTYPENAME>
        <DATE>25-11-2024</DATE>
        <EFFECTIVEDATE>25-11-2024</EFFECTIVEDATE>
        <ISCANCELLED>No</ISCANCELLED>
        <USETRACKINGNUMBER>No</USETRACKINGNUMBER>
        <ISPOSTDATED>No</ISPOSTDATED>
        <ISINVOICE>No</ISINVOICE>
        <DIFFACTUALQTY>No</DIFFACTUALQTY>
        <VOUCHERNUMBER>DIN202400358</VOUCHERNUMBER>
        <REFERENCE>DIN202400358</REFERENCE>
        <PARTYLEDGERNAME></PARTYLEDGERNAME>
      <NARRATION>DIN202400358 GUEST NAME:SOE HTIKE SAN</NARRATION>

        <UDF:HARYANAVAT.LIST DESC="`HARYANAVAT`"></UDF:HARYANAVAT.LIST><ALLLEDGERENTRIES.LIST>
                <REMOVEZEROENTRIES>No</REMOVEZEROENTRIES>
                <ISDEEMEDPOSITIVE>Yes</ISDEEMEDPOSITIVE>
                <LEDGERFROMITEM>No</LEDGERFROMITEM><LEDGERNAME>CBI 5532547292</LEDGERNAME>
                <AMOUNT>-672</AMOUNT>
     <BILLALLOCATIONS.LIST>
                    <NAME>DIN202400358</NAME>
                    <BILLTYPE>New Ref</BILLTYPE>
                    <BILLCREDITPERIOD/>
                    <AMOUNT>-672
                    </AMOUNT>
                </BILLALLOCATIONS.LIST>
                 </ALLLEDGERENTRIES.LIST>
       <ALLLEDGERENTRIES.LIST>
                <REMOVEZEROENTRIES>No</REMOVEZEROENTRIES>
                <ISDEEMEDPOSITIVE>Yes</ISDEEMEDPOSITIVE>
                <LEDGERFROMITEM>No</LEDGERFROMITEM><BILLALLOCATIONS.LIST>
                    <NAME>DIN202400358</NAME>
                    <BILLTYPE>New Ref</BILLTYPE>
                    <BILLCREDITPERIOD/>
                    <AMOUNT>-672
                    </AMOUNT>
                </BILLALLOCATIONS.LIST>
            </ALLLEDGERENTRIES.LIST>


        

   <ALLLEDGERENTRIES.LIST>
                <REMOVEZEROENTRIES>No</REMOVEZEROENTRIES>
                <ISDEEMEDPOSITIVE>No</ISDEEMEDPOSITIVE>
                <LEDGERFROMITEM>No</LEDGERFROMITEM>
                <LEDGERNAME>Food @5%</LEDGERNAME>
                <AMOUNT>640</AMOUNT>
            </ALLLEDGERENTRIES.LIST>
            <ALLLEDGERENTRIES.LIST>
                <REMOVEZEROENTRIES>No</REMOVEZEROENTRIES>
                <ISDEEMEDPOSITIVE>No</ISDEEMEDPOSITIVE>
                <LEDGERFROMITEM>No</LEDGERFROMITEM>
                <LEDGERNAME>CGST@2.5%</LEDGERNAME>
                <AMOUNT>16</AMOUNT>
            </ALLLEDGERENTRIES.LIST>
            <ALLLEDGERENTRIES.LIST>
                <REMOVEZEROENTRIES>No</REMOVEZEROENTRIES>
                <ISDEEMEDPOSITIVE>No</ISDEEMEDPOSITIVE>
                <LEDGERFROMITEM>No</LEDGERFROMITEM>
                <LEDGERNAME>SGST@2.5%</LEDGERNAME>
                <AMOUNT>16</AMOUNT>
            </ALLLEDGERENTRIES.LIST>
        
    </VOUCHER>
</TALLYMESSAGE>
<TALLYMESSAGE xmlns:UDF="TallyUDF">
    <VOUCHER VCHTYPE="Counter Sales" ACTION="Create">
        <ISOPTIONAL>No</ISOPTIONAL>
        <USEFORGAINLOSS>No</USEFORGAINLOSS>
        <USEFORCOMPOUND>No</USEFORCOMPOUND>
        <VOUCHERTYPENAME>Counter Sales</VOUCHERTYPENAME>
        <DATE>25-11-2024</DATE>
        <EFFECTIVEDATE>25-11-2024</EFFECTIVEDATE>
        <ISCANCELLED>No</ISCANCELLED>
        <USETRACKINGNUMBER>No</USETRACKINGNUMBER>
        <ISPOSTDATED>No</ISPOSTDATED>
        <ISINVOICE>No</ISINVOICE>
        <DIFFACTUALQTY>No</DIFFACTUALQTY>
        <VOUCHERNUMBER>DIN202400359</VOUCHERNUMBER>
        <REFERENCE>DIN202400359</REFERENCE>
        <PARTYLEDGERNAME></PARTYLEDGERNAME>
      <NARRATION>DIN202400359 GUEST NAME:Antony Sekar</NARRATION>

        <UDF:HARYANAVAT.LIST DESC="`HARYANAVAT`"></UDF:HARYANAVAT.LIST><ALLLEDGERENTRIES.LIST>
                <REMOVEZEROENTRIES>No</REMOVEZEROENTRIES>
                <ISDEEMEDPOSITIVE>Yes</ISDEEMEDPOSITIVE>
                <LEDGERFROMITEM>No</LEDGERFROMITEM><LEDGERNAME>Cash</LEDGERNAME>
                <AMOUNT>-2196</AMOUNT>
     <BILLALLOCATIONS.LIST>
                    <NAME>DIN202400359</NAME>
                    <BILLTYPE>New Ref</BILLTYPE>
                    <BILLCREDITPERIOD/>
                    <AMOUNT>-2196
                    </AMOUNT>
                </BILLALLOCATIONS.LIST>
                 </ALLLEDGERENTRIES.LIST>
       <ALLLEDGERENTRIES.LIST>
                <REMOVEZEROENTRIES>No</REMOVEZEROENTRIES>
                <ISDEEMEDPOSITIVE>Yes</ISDEEMEDPOSITIVE>
                <LEDGERFROMITEM>No</LEDGERFROMITEM><BILLALLOCATIONS.LIST>
                    <NAME>DIN202400359</NAME>
                    <BILLTYPE>New Ref</BILLTYPE>
                    <BILLCREDITPERIOD/>
                    <AMOUNT>-2196
                    </AMOUNT>
                </BILLALLOCATIONS.LIST>
            </ALLLEDGERENTRIES.LIST>


        

   <ALLLEDGERENTRIES.LIST>
                <REMOVEZEROENTRIES>No</REMOVEZEROENTRIES>
                <ISDEEMEDPOSITIVE>No</ISDEEMEDPOSITIVE>
                <LEDGERFROMITEM>No</LEDGERFROMITEM>
                <LEDGERNAME>Food @5%</LEDGERNAME>
                <AMOUNT>2092</AMOUNT>
            </ALLLEDGERENTRIES.LIST>
            <ALLLEDGERENTRIES.LIST>
                <REMOVEZEROENTRIES>No</REMOVEZEROENTRIES>
                <ISDEEMEDPOSITIVE>No</ISDEEMEDPOSITIVE>
                <LEDGERFROMITEM>No</LEDGERFROMITEM>
                <LEDGERNAME>CGST@2.5%</LEDGERNAME>
                <AMOUNT>52</AMOUNT>
            </ALLLEDGERENTRIES.LIST>
            <ALLLEDGERENTRIES.LIST>
                <REMOVEZEROENTRIES>No</REMOVEZEROENTRIES>
                <ISDEEMEDPOSITIVE>No</ISDEEMEDPOSITIVE>
                <LEDGERFROMITEM>No</LEDGERFROMITEM>
                <LEDGERNAME>SGST@2.5%</LEDGERNAME>
                <AMOUNT>52</AMOUNT>
            </ALLLEDGERENTRIES.LIST>
        
    </VOUCHER>
</TALLYMESSAGE>
<TALLYMESSAGE xmlns:UDF="TallyUDF">
    <VOUCHER VCHTYPE="Counter Sales" ACTION="Create">
        <ISOPTIONAL>No</ISOPTIONAL>
        <USEFORGAINLOSS>No</USEFORGAINLOSS>
        <USEFORCOMPOUND>No</USEFORCOMPOUND>
        <VOUCHERTYPENAME>Counter Sales</VOUCHERTYPENAME>
        <DATE>25-11-2024</DATE>
        <EFFECTIVEDATE>25-11-2024</EFFECTIVEDATE>
        <ISCANCELLED>No</ISCANCELLED>
        <USETRACKINGNUMBER>No</USETRACKINGNUMBER>
        <ISPOSTDATED>No</ISPOSTDATED>
        <ISINVOICE>No</ISINVOICE>
        <DIFFACTUALQTY>No</DIFFACTUALQTY>
        <VOUCHERNUMBER>DIN202400360</VOUCHERNUMBER>
        <REFERENCE>DIN202400360</REFERENCE>
        <PARTYLEDGERNAME></PARTYLEDGERNAME>
      <NARRATION>DIN202400360 GUEST NAME:Emmanuvel Joel</NARRATION>

        <UDF:HARYANAVAT.LIST DESC="`HARYANAVAT`"></UDF:HARYANAVAT.LIST><ALLLEDGERENTRIES.LIST>
                <REMOVEZEROENTRIES>No</REMOVEZEROENTRIES>
                <ISDEEMEDPOSITIVE>Yes</ISDEEMEDPOSITIVE>
                <LEDGERFROMITEM>No</LEDGERFROMITEM><LEDGERNAME>Cash</LEDGERNAME>
                <AMOUNT>-5378</AMOUNT>
     <BILLALLOCATIONS.LIST>
                    <NAME>DIN202400360</NAME>
                    <BILLTYPE>New Ref</BILLTYPE>
                    <BILLCREDITPERIOD/>
                    <AMOUNT>-5378
                    </AMOUNT>
                </BILLALLOCATIONS.LIST>
                 </ALLLEDGERENTRIES.LIST>
       <ALLLEDGERENTRIES.LIST>
                <REMOVEZEROENTRIES>No</REMOVEZEROENTRIES>
                <ISDEEMEDPOSITIVE>Yes</ISDEEMEDPOSITIVE>
                <LEDGERFROMITEM>No</LEDGERFROMITEM><BILLALLOCATIONS.LIST>
                    <NAME>DIN202400360</NAME>
                    <BILLTYPE>New Ref</BILLTYPE>
                    <BILLCREDITPERIOD/>
                    <AMOUNT>-5378
                    </AMOUNT>
                </BILLALLOCATIONS.LIST>
            </ALLLEDGERENTRIES.LIST>


        

   <ALLLEDGERENTRIES.LIST>
                <REMOVEZEROENTRIES>No</REMOVEZEROENTRIES>
                <ISDEEMEDPOSITIVE>No</ISDEEMEDPOSITIVE>
                <LEDGERFROMITEM>No</LEDGERFROMITEM>
                <LEDGERNAME>Food @5%</LEDGERNAME>
                <AMOUNT>5122</AMOUNT>
            </ALLLEDGERENTRIES.LIST>
            <ALLLEDGERENTRIES.LIST>
                <REMOVEZEROENTRIES>No</REMOVEZEROENTRIES>
                <ISDEEMEDPOSITIVE>No</ISDEEMEDPOSITIVE>
                <LEDGERFROMITEM>No</LEDGERFROMITEM>
                <LEDGERNAME>CGST@2.5%</LEDGERNAME>
                <AMOUNT>128</AMOUNT>
            </ALLLEDGERENTRIES.LIST>
            <ALLLEDGERENTRIES.LIST>
                <REMOVEZEROENTRIES>No</REMOVEZEROENTRIES>
                <ISDEEMEDPOSITIVE>No</ISDEEMEDPOSITIVE>
                <LEDGERFROMITEM>No</LEDGERFROMITEM>
                <LEDGERNAME>SGST@2.5%</LEDGERNAME>
                <AMOUNT>128</AMOUNT>
            </ALLLEDGERENTRIES.LIST>
        
    </VOUCHER>
</TALLYMESSAGE>
<TALLYMESSAGE xmlns:UDF="TallyUDF">
    <VOUCHER VCHTYPE="Counter Sales" ACTION="Create">
        <ISOPTIONAL>No</ISOPTIONAL>
        <USEFORGAINLOSS>No</USEFORGAINLOSS>
        <USEFORCOMPOUND>No</USEFORCOMPOUND>
        <VOUCHERTYPENAME>Counter Sales</VOUCHERTYPENAME>
        <DATE>25-11-2024</DATE>
        <EFFECTIVEDATE>25-11-2024</EFFECTIVEDATE>
        <ISCANCELLED>No</ISCANCELLED>
        <USETRACKINGNUMBER>No</USETRACKINGNUMBER>
        <ISPOSTDATED>No</ISPOSTDATED>
        <ISINVOICE>No</ISINVOICE>
        <DIFFACTUALQTY>No</DIFFACTUALQTY>
        <VOUCHERNUMBER>DIN202400361</VOUCHERNUMBER>
        <REFERENCE>DIN202400361</REFERENCE>
        <PARTYLEDGERNAME></PARTYLEDGERNAME>
      <NARRATION>DIN202400361 GUEST NAME:FOUNDATION OF HIS SACRED MAJESTY</NARRATION>

        <UDF:HARYANAVAT.LIST DESC="`HARYANAVAT`"></UDF:HARYANAVAT.LIST><ALLLEDGERENTRIES.LIST>
                <REMOVEZEROENTRIES>No</REMOVEZEROENTRIES>
                <ISDEEMEDPOSITIVE>Yes</ISDEEMEDPOSITIVE>
                <LEDGERFROMITEM>No</LEDGERFROMITEM><LEDGERNAME>CBI 5532547292</LEDGERNAME>
                <AMOUNT>-1060</AMOUNT>
     <BILLALLOCATIONS.LIST>
                    <NAME>DIN202400361</NAME>
                    <BILLTYPE>New Ref</BILLTYPE>
                    <BILLCREDITPERIOD/>
                    <AMOUNT>-1060
                    </AMOUNT>
                </BILLALLOCATIONS.LIST>
                 </ALLLEDGERENTRIES.LIST>
       <ALLLEDGERENTRIES.LIST>
                <REMOVEZEROENTRIES>No</REMOVEZEROENTRIES>
                <ISDEEMEDPOSITIVE>Yes</ISDEEMEDPOSITIVE>
                <LEDGERFROMITEM>No</LEDGERFROMITEM><BILLALLOCATIONS.LIST>
                    <NAME>DIN202400361</NAME>
                    <BILLTYPE>New Ref</BILLTYPE>
                    <BILLCREDITPERIOD/>
                    <AMOUNT>-1060
                    </AMOUNT>
                </BILLALLOCATIONS.LIST>
            </ALLLEDGERENTRIES.LIST>


        

   <ALLLEDGERENTRIES.LIST>
                <REMOVEZEROENTRIES>No</REMOVEZEROENTRIES>
                <ISDEEMEDPOSITIVE>No</ISDEEMEDPOSITIVE>
                <LEDGERFROMITEM>No</LEDGERFROMITEM>
                <LEDGERNAME>Food @5%</LEDGERNAME>
                <AMOUNT>1010</AMOUNT>
            </ALLLEDGERENTRIES.LIST>
            <ALLLEDGERENTRIES.LIST>
                <REMOVEZEROENTRIES>No</REMOVEZEROENTRIES>
                <ISDEEMEDPOSITIVE>No</ISDEEMEDPOSITIVE>
                <LEDGERFROMITEM>No</LEDGERFROMITEM>
                <LEDGERNAME>CGST@2.5%</LEDGERNAME>
                <AMOUNT>25</AMOUNT>
            </ALLLEDGERENTRIES.LIST>
            <ALLLEDGERENTRIES.LIST>
                <REMOVEZEROENTRIES>No</REMOVEZEROENTRIES>
                <ISDEEMEDPOSITIVE>No</ISDEEMEDPOSITIVE>
                <LEDGERFROMITEM>No</LEDGERFROMITEM>
                <LEDGERNAME>SGST@2.5%</LEDGERNAME>
                <AMOUNT>25</AMOUNT>
            </ALLLEDGERENTRIES.LIST>
        
    </VOUCHER>
</TALLYMESSAGE>
<TALLYMESSAGE xmlns:UDF="TallyUDF">
    <VOUCHER VCHTYPE="Counter Sales" ACTION="Create">
        <ISOPTIONAL>No</ISOPTIONAL>
        <USEFORGAINLOSS>No</USEFORGAINLOSS>
        <USEFORCOMPOUND>No</USEFORCOMPOUND>
        <VOUCHERTYPENAME>Counter Sales</VOUCHERTYPENAME>
        <DATE>29-11-2024</DATE>
        <EFFECTIVEDATE>29-11-2024</EFFECTIVEDATE>
        <ISCANCELLED>No</ISCANCELLED>
        <USETRACKINGNUMBER>No</USETRACKINGNUMBER>
        <ISPOSTDATED>No</ISPOSTDATED>
        <ISINVOICE>No</ISINVOICE>
        <DIFFACTUALQTY>No</DIFFACTUALQTY>
        <VOUCHERNUMBER>DIN202400362</VOUCHERNUMBER>
        <REFERENCE>DIN202400362</REFERENCE>
        <PARTYLEDGERNAME></PARTYLEDGERNAME>
      <NARRATION>DIN202400362 GUEST NAME:224,230,217</NARRATION>

        <UDF:HARYANAVAT.LIST DESC="`HARYANAVAT`"></UDF:HARYANAVAT.LIST><ALLLEDGERENTRIES.LIST>
                <REMOVEZEROENTRIES>No</REMOVEZEROENTRIES>
                <ISDEEMEDPOSITIVE>Yes</ISDEEMEDPOSITIVE>
                <LEDGERFROMITEM>No</LEDGERFROMITEM><LEDGERNAME>Cash</LEDGERNAME>
                <AMOUNT>-158</AMOUNT>
     <BILLALLOCATIONS.LIST>
                    <NAME>DIN202400362</NAME>
                    <BILLTYPE>New Ref</BILLTYPE>
                    <BILLCREDITPERIOD/>
                    <AMOUNT>-158
                    </AMOUNT>
                </BILLALLOCATIONS.LIST>
                 </ALLLEDGERENTRIES.LIST>
       <ALLLEDGERENTRIES.LIST>
                <REMOVEZEROENTRIES>No</REMOVEZEROENTRIES>
                <ISDEEMEDPOSITIVE>Yes</ISDEEMEDPOSITIVE>
                <LEDGERFROMITEM>No</LEDGERFROMITEM><BILLALLOCATIONS.LIST>
                    <NAME>DIN202400362</NAME>
                    <BILLTYPE>New Ref</BILLTYPE>
                    <BILLCREDITPERIOD/>
                    <AMOUNT>-158
                    </AMOUNT>
                </BILLALLOCATIONS.LIST>
            </ALLLEDGERENTRIES.LIST>


        

   <ALLLEDGERENTRIES.LIST>
                <REMOVEZEROENTRIES>No</REMOVEZEROENTRIES>
                <ISDEEMEDPOSITIVE>No</ISDEEMEDPOSITIVE>
                <LEDGERFROMITEM>No</LEDGERFROMITEM>
                <LEDGERNAME>Food @5%</LEDGERNAME>
                <AMOUNT>150</AMOUNT>
            </ALLLEDGERENTRIES.LIST>
            <ALLLEDGERENTRIES.LIST>
                <REMOVEZEROENTRIES>No</REMOVEZEROENTRIES>
                <ISDEEMEDPOSITIVE>No</ISDEEMEDPOSITIVE>
                <LEDGERFROMITEM>No</LEDGERFROMITEM>
                <LEDGERNAME>CGST@2.5%</LEDGERNAME>
                <AMOUNT>4</AMOUNT>
            </ALLLEDGERENTRIES.LIST>
            <ALLLEDGERENTRIES.LIST>
                <REMOVEZEROENTRIES>No</REMOVEZEROENTRIES>
                <ISDEEMEDPOSITIVE>No</ISDEEMEDPOSITIVE>
                <LEDGERFROMITEM>No</LEDGERFROMITEM>
                <LEDGERNAME>SGST@2.5%</LEDGERNAME>
                <AMOUNT>4</AMOUNT>
            </ALLLEDGERENTRIES.LIST>
        
    </VOUCHER>
</TALLYMESSAGE>
<TALLYMESSAGE xmlns:UDF="TallyUDF">
    <VOUCHER VCHTYPE="Counter Sales" ACTION="Create">
        <ISOPTIONAL>No</ISOPTIONAL>
        <USEFORGAINLOSS>No</USEFORGAINLOSS>
        <USEFORCOMPOUND>No</USEFORCOMPOUND>
        <VOUCHERTYPENAME>Counter Sales</VOUCHERTYPENAME>
        <DATE>30-11-2024</DATE>
        <EFFECTIVEDATE>30-11-2024</EFFECTIVEDATE>
        <ISCANCELLED>No</ISCANCELLED>
        <USETRACKINGNUMBER>No</USETRACKINGNUMBER>
        <ISPOSTDATED>No</ISPOSTDATED>
        <ISINVOICE>No</ISINVOICE>
        <DIFFACTUALQTY>No</DIFFACTUALQTY>
        <VOUCHERNUMBER>DIN202400363</VOUCHERNUMBER>
        <REFERENCE>DIN202400363</REFERENCE>
        <PARTYLEDGERNAME></PARTYLEDGERNAME>
      <NARRATION>DIN202400363 GUEST NAME:217</NARRATION>

        <UDF:HARYANAVAT.LIST DESC="`HARYANAVAT`"></UDF:HARYANAVAT.LIST><ALLLEDGERENTRIES.LIST>
                <REMOVEZEROENTRIES>No</REMOVEZEROENTRIES>
                <ISDEEMEDPOSITIVE>Yes</ISDEEMEDPOSITIVE>
                <LEDGERFROMITEM>No</LEDGERFROMITEM><LEDGERNAME>CBI 5532547292</LEDGERNAME>
                <AMOUNT>-526</AMOUNT>
     <BILLALLOCATIONS.LIST>
                    <NAME>DIN202400363</NAME>
                    <BILLTYPE>New Ref</BILLTYPE>
                    <BILLCREDITPERIOD/>
                    <AMOUNT>-526
                    </AMOUNT>
                </BILLALLOCATIONS.LIST>
                 </ALLLEDGERENTRIES.LIST>
       <ALLLEDGERENTRIES.LIST>
                <REMOVEZEROENTRIES>No</REMOVEZEROENTRIES>
                <ISDEEMEDPOSITIVE>Yes</ISDEEMEDPOSITIVE>
                <LEDGERFROMITEM>No</LEDGERFROMITEM><BILLALLOCATIONS.LIST>
                    <NAME>DIN202400363</NAME>
                    <BILLTYPE>New Ref</BILLTYPE>
                    <BILLCREDITPERIOD/>
                    <AMOUNT>-526
                    </AMOUNT>
                </BILLALLOCATIONS.LIST>
            </ALLLEDGERENTRIES.LIST>


        

   <ALLLEDGERENTRIES.LIST>
                <REMOVEZEROENTRIES>No</REMOVEZEROENTRIES>
                <ISDEEMEDPOSITIVE>No</ISDEEMEDPOSITIVE>
                <LEDGERFROMITEM>No</LEDGERFROMITEM>
                <LEDGERNAME>Food @5%</LEDGERNAME>
                <AMOUNT>500</AMOUNT>
            </ALLLEDGERENTRIES.LIST>
            <ALLLEDGERENTRIES.LIST>
                <REMOVEZEROENTRIES>No</REMOVEZEROENTRIES>
                <ISDEEMEDPOSITIVE>No</ISDEEMEDPOSITIVE>
                <LEDGERFROMITEM>No</LEDGERFROMITEM>
                <LEDGERNAME>CGST@2.5%</LEDGERNAME>
                <AMOUNT>13</AMOUNT>
            </ALLLEDGERENTRIES.LIST>
            <ALLLEDGERENTRIES.LIST>
                <REMOVEZEROENTRIES>No</REMOVEZEROENTRIES>
                <ISDEEMEDPOSITIVE>No</ISDEEMEDPOSITIVE>
                <LEDGERFROMITEM>No</LEDGERFROMITEM>
                <LEDGERNAME>SGST@2.5%</LEDGERNAME>
                <AMOUNT>13</AMOUNT>
            </ALLLEDGERENTRIES.LIST>
        
    </VOUCHER>
</TALLYMESSAGE>
    <TALLYMESSAGE xmlns:UDF="TallyUDF">
        <VOUCHER VCHTYPE="Counter Sales" ACTION="Create">
            <ISOPTIONAL>No</ISOPTIONAL>
            <USEFORGAINLOSS>No</USEFORGAINLOSS>
            <USEFORCOMPOUND>No</USEFORCOMPOUND>
            <VOUCHERTYPENAME>Counter Sales</VOUCHERTYPENAME>
            <DATE>30/11/2024</DATE>
            <EFFECTIVEDATE>30/11/2024</EFFECTIVEDATE>
            <ISCANCELLED>No</ISCANCELLED>
            <USETRACKINGNUMBER>No</USETRACKINGNUMBER>
            <ISPOSTDATED>No</ISPOSTDATED>
            <ISINVOICE>No</ISINVOICE>
            <DIFFACTUALQTY>No</DIFFACTUALQTY>
            <VOUCHERNUMBER>BQT-02400031</VOUCHERNUMBER>
            <REFERENCE>BQT-02400031</REFERENCE>
            <PARTYLEDGERNAME></PARTYLEDGERNAME>
            <NARRATION>FO BILL: BQT-02400031 GUEST NAME: FOUNDATION OF HIS SACRED MAJESTY; Arr.Dt:27/11/2024; Dep.Dt:30/11/2024; Roomno: : Recpt#: BQT-02400031</NARRATION>
            <UDF:HARYANAVAT.LIST DESC="`HARYANAVAT`"></UDF:HARYANAVAT.LIST>
            <ALLLEDGERENTRIES.LIST>
                <REMOVEZEROENTRIES>No</REMOVEZEROENTRIES>
                <ISDEEMEDPOSITIVE>Yes</ISDEEMEDPOSITIVE>
                <LEDGERFROMITEM>No</LEDGERFROMITEM><LEDGERNAME>INH ADVANCE</LEDGERNAME>
                <AMOUNT>-25000.00</AMOUNT>
    </ALLLEDGERENTRIES.LIST>
     <ALLLEDGERENTRIES.LIST>
                <REMOVEZEROENTRIES>No</REMOVEZEROENTRIES>
                <ISDEEMEDPOSITIVE>Yes</ISDEEMEDPOSITIVE>
                <LEDGERFROMITEM>No</LEDGERFROMITEM><LEDGERNAME>FOUNDATION OF HIS SACRED MAJESTY</LEDGERNAME>
                <AMOUNT>-49340.00</AMOUNT><BILLALLOCATIONS.LIST>
                    <NAME>BQT-02400031</NAME>
                    <BILLTYPE>New Ref</BILLTYPE>
                    <BILLCREDITPERIOD/>
                    <AMOUNT>-49340.00
                    </AMOUNT>
                </BILLALLOCATIONS.LIST>
            </ALLLEDGERENTRIES.LIST><ALLLEDGERENTRIES.LIST>
                <REMOVEZEROENTRIES>No</REMOVEZEROENTRIES>
                <ISDEEMEDPOSITIVE>No</ISDEEMEDPOSITIVE>
                <LEDGERFROMITEM>No</LEDGERFROMITEM>
                <LEDGERNAME>BANQUETS-RATE</LEDGERNAME>
                <AMOUNT>63000</AMOUNT>
            </ALLLEDGERENTRIES.LIST>
            <ALLLEDGERENTRIES.LIST>
                <REMOVEZEROENTRIES>No</REMOVEZEROENTRIES>
                <ISDEEMEDPOSITIVE>No</ISDEEMEDPOSITIVE>
                <LEDGERFROMITEM>No</LEDGERFROMITEM>
                <LEDGERNAME>CGST@9%</LEDGERNAME>
                <AMOUNT>5670</AMOUNT>
            </ALLLEDGERENTRIES.LIST>
            <ALLLEDGERENTRIES.LIST>
                <REMOVEZEROENTRIES>No</REMOVEZEROENTRIES>
                <ISDEEMEDPOSITIVE>No</ISDEEMEDPOSITIVE>
                <LEDGERFROMITEM>No</LEDGERFROMITEM>
                <LEDGERNAME>SGST@9%</LEDGERNAME>
                <AMOUNT>5670</AMOUNT>
            </ALLLEDGERENTRIES.LIST>
        </VOUCHER>
    </TALLYMESSAGE>
    <TALLYMESSAGE xmlns:UDF="TallyUDF">
        <VOUCHER VCHTYPE="Counter Sales" ACTION="Create">
            <ISOPTIONAL>No</ISOPTIONAL>
            <USEFORGAINLOSS>No</USEFORGAINLOSS>
            <USEFORCOMPOUND>No</USEFORCOMPOUND>
            <VOUCHERTYPENAME>Counter Sales</VOUCHERTYPENAME>
            <DATE>30/11/2024</DATE>
            <EFFECTIVEDATE>30/11/2024</EFFECTIVEDATE>
            <ISCANCELLED>No</ISCANCELLED>
            <USETRACKINGNUMBER>No</USETRACKINGNUMBER>
            <ISPOSTDATED>No</ISPOSTDATED>
            <ISINVOICE>No</ISINVOICE>
            <DIFFACTUALQTY>No</DIFFACTUALQTY>
            <VOUCHERNUMBER>BQT-02400038</VOUCHERNUMBER>
            <REFERENCE>BQT-02400038</REFERENCE>
            <PARTYLEDGERNAME></PARTYLEDGERNAME>
            <NARRATION>FO BILL: BQT-02400038 GUEST NAME: FOUNDATION OF HIS SACRED MAJESTY; Arr.Dt:29/11/2024; Dep.Dt:30/11/2024; Roomno: : Recpt#: BQT-02400038</NARRATION>
            <UDF:HARYANAVAT.LIST DESC="`HARYANAVAT`"></UDF:HARYANAVAT.LIST>
            <ALLLEDGERENTRIES.LIST>
                <REMOVEZEROENTRIES>No</REMOVEZEROENTRIES>
                <ISDEEMEDPOSITIVE>Yes</ISDEEMEDPOSITIVE>
                <LEDGERFROMITEM>No</LEDGERFROMITEM>
    </ALLLEDGERENTRIES.LIST>
     <ALLLEDGERENTRIES.LIST>
                <REMOVEZEROENTRIES>No</REMOVEZEROENTRIES>
                <ISDEEMEDPOSITIVE>Yes</ISDEEMEDPOSITIVE>
                <LEDGERFROMITEM>No</LEDGERFROMITEM><LEDGERNAME>FOUNDATION OF HIS SACRED MAJESTY</LEDGERNAME>
                <AMOUNT>-63000.00</AMOUNT><BILLALLOCATIONS.LIST>
                    <NAME>BQT-02400038</NAME>
                    <BILLTYPE>New Ref</BILLTYPE>
                    <BILLCREDITPERIOD/>
                    <AMOUNT>-63000.00
                    </AMOUNT>
                </BILLALLOCATIONS.LIST>
            </ALLLEDGERENTRIES.LIST><ALLLEDGERENTRIES.LIST>
                <REMOVEZEROENTRIES>No</REMOVEZEROENTRIES>
                <ISDEEMEDPOSITIVE>No</ISDEEMEDPOSITIVE>
                <LEDGERFROMITEM>No</LEDGERFROMITEM>
                <LEDGERNAME>BANQUETS-RATE</LEDGERNAME>
                <AMOUNT>53390</AMOUNT>
            </ALLLEDGERENTRIES.LIST>
            <ALLLEDGERENTRIES.LIST>
                <REMOVEZEROENTRIES>No</REMOVEZEROENTRIES>
                <ISDEEMEDPOSITIVE>No</ISDEEMEDPOSITIVE>
                <LEDGERFROMITEM>No</LEDGERFROMITEM>
                <LEDGERNAME>CGST@9%</LEDGERNAME>
                <AMOUNT>4805.1</AMOUNT>
            </ALLLEDGERENTRIES.LIST>
            <ALLLEDGERENTRIES.LIST>
                <REMOVEZEROENTRIES>No</REMOVEZEROENTRIES>
                <ISDEEMEDPOSITIVE>No</ISDEEMEDPOSITIVE>
                <LEDGERFROMITEM>No</LEDGERFROMITEM>
                <LEDGERNAME>SGST@9%</LEDGERNAME>
                <AMOUNT>4805.1</AMOUNT>
            </ALLLEDGERENTRIES.LIST>
        </VOUCHER>
    </TALLYMESSAGE>
    <TALLYMESSAGE xmlns:UDF="TallyUDF">
        <VOUCHER VCHTYPE="Counter Sales" ACTION="Create">
            <ISOPTIONAL>No</ISOPTIONAL>
            <USEFORGAINLOSS>No</USEFORGAINLOSS>
            <USEFORCOMPOUND>No</USEFORCOMPOUND>
            <VOUCHERTYPENAME>Counter Sales</VOUCHERTYPENAME>
            <DATE>29/11/2024</DATE>
            <EFFECTIVEDATE>29/11/2024</EFFECTIVEDATE>
            <ISCANCELLED>No</ISCANCELLED>
            <USETRACKINGNUMBER>No</USETRACKINGNUMBER>
            <ISPOSTDATED>No</ISPOSTDATED>
            <ISINVOICE>No</ISINVOICE>
            <DIFFACTUALQTY>No</DIFFACTUALQTY>
            <VOUCHERNUMBER>BQT-02400037</VOUCHERNUMBER>
            <REFERENCE>BQT-02400037</REFERENCE>
            <PARTYLEDGERNAME></PARTYLEDGERNAME>
            <NARRATION>FO BILL: BQT-02400037 GUEST NAME: FOUNDATION OF HIS SACRED MAJESTY; Arr.Dt:29/11/2024; Dep.Dt:29/11/2024; Roomno: : Recpt#: BQT-02400037</NARRATION>
            <UDF:HARYANAVAT.LIST DESC="`HARYANAVAT`"></UDF:HARYANAVAT.LIST>
            <ALLLEDGERENTRIES.LIST>
                <REMOVEZEROENTRIES>No</REMOVEZEROENTRIES>
                <ISDEEMEDPOSITIVE>Yes</ISDEEMEDPOSITIVE>
                <LEDGERFROMITEM>No</LEDGERFROMITEM>
    </ALLLEDGERENTRIES.LIST>
     <ALLLEDGERENTRIES.LIST>
                <REMOVEZEROENTRIES>No</REMOVEZEROENTRIES>
                <ISDEEMEDPOSITIVE>Yes</ISDEEMEDPOSITIVE>
                <LEDGERFROMITEM>No</LEDGERFROMITEM><LEDGERNAME>FOUNDATION OF HIS SACRED MAJESTY</LEDGERNAME>
                <AMOUNT>-90270.00</AMOUNT><BILLALLOCATIONS.LIST>
                    <NAME>BQT-02400037</NAME>
                    <BILLTYPE>New Ref</BILLTYPE>
                    <BILLCREDITPERIOD/>
                    <AMOUNT>-90270.00
                    </AMOUNT>
                </BILLALLOCATIONS.LIST>
            </ALLLEDGERENTRIES.LIST><ALLLEDGERENTRIES.LIST>
                <REMOVEZEROENTRIES>No</REMOVEZEROENTRIES>
                <ISDEEMEDPOSITIVE>No</ISDEEMEDPOSITIVE>
                <LEDGERFROMITEM>No</LEDGERFROMITEM>
                <LEDGERNAME>BANQUETS-RATE</LEDGERNAME>
                <AMOUNT>76500</AMOUNT>
            </ALLLEDGERENTRIES.LIST>
            <ALLLEDGERENTRIES.LIST>
                <REMOVEZEROENTRIES>No</REMOVEZEROENTRIES>
                <ISDEEMEDPOSITIVE>No</ISDEEMEDPOSITIVE>
                <LEDGERFROMITEM>No</LEDGERFROMITEM>
                <LEDGERNAME>CGST@9%</LEDGERNAME>
                <AMOUNT>6885</AMOUNT>
            </ALLLEDGERENTRIES.LIST>
            <ALLLEDGERENTRIES.LIST>
                <REMOVEZEROENTRIES>No</REMOVEZEROENTRIES>
                <ISDEEMEDPOSITIVE>No</ISDEEMEDPOSITIVE>
                <LEDGERFROMITEM>No</LEDGERFROMITEM>
                <LEDGERNAME>SGST@9%</LEDGERNAME>
                <AMOUNT>6885</AMOUNT>
            </ALLLEDGERENTRIES.LIST>
        </VOUCHER>
    </TALLYMESSAGE>
    <TALLYMESSAGE xmlns:UDF="TallyUDF">
        <VOUCHER VCHTYPE="Counter Sales" ACTION="Create">
            <ISOPTIONAL>No</ISOPTIONAL>
            <USEFORGAINLOSS>No</USEFORGAINLOSS>
            <USEFORCOMPOUND>No</USEFORCOMPOUND>
            <VOUCHERTYPENAME>Counter Sales</VOUCHERTYPENAME>
            <DATE>30/11/2024</DATE>
            <EFFECTIVEDATE>30/11/2024</EFFECTIVEDATE>
            <ISCANCELLED>No</ISCANCELLED>
            <USETRACKINGNUMBER>No</USETRACKINGNUMBER>
            <ISPOSTDATED>No</ISPOSTDATED>
            <ISINVOICE>No</ISINVOICE>
            <DIFFACTUALQTY>No</DIFFACTUALQTY>
            <VOUCHERNUMBER>BQT-02400036</VOUCHERNUMBER>
            <REFERENCE>BQT-02400036</REFERENCE>
            <PARTYLEDGERNAME></PARTYLEDGERNAME>
            <NARRATION>FO BILL: BQT-02400036 GUEST NAME: FOUNDATION OF HIS SACRED MAJESTY; Arr.Dt:29/11/2024; Dep.Dt:30/11/2024; Roomno: : Recpt#: BQT-02400036</NARRATION>
            <UDF:HARYANAVAT.LIST DESC="`HARYANAVAT`"></UDF:HARYANAVAT.LIST>
            <ALLLEDGERENTRIES.LIST>
                <REMOVEZEROENTRIES>No</REMOVEZEROENTRIES>
                <ISDEEMEDPOSITIVE>Yes</ISDEEMEDPOSITIVE>
                <LEDGERFROMITEM>No</LEDGERFROMITEM>
    </ALLLEDGERENTRIES.LIST>
     <ALLLEDGERENTRIES.LIST>
                <REMOVEZEROENTRIES>No</REMOVEZEROENTRIES>
                <ISDEEMEDPOSITIVE>Yes</ISDEEMEDPOSITIVE>
                <LEDGERFROMITEM>No</LEDGERFROMITEM><LEDGERNAME>FOUNDATION OF HIS SACRED MAJESTY</LEDGERNAME>
                <AMOUNT>-31860.00</AMOUNT><BILLALLOCATIONS.LIST>
                    <NAME>BQT-02400036</NAME>
                    <BILLTYPE>New Ref</BILLTYPE>
                    <BILLCREDITPERIOD/>
                    <AMOUNT>-31860.00
                    </AMOUNT>
                </BILLALLOCATIONS.LIST>
            </ALLLEDGERENTRIES.LIST><ALLLEDGERENTRIES.LIST>
                <REMOVEZEROENTRIES>No</REMOVEZEROENTRIES>
                <ISDEEMEDPOSITIVE>No</ISDEEMEDPOSITIVE>
                <LEDGERFROMITEM>No</LEDGERFROMITEM>
                <LEDGERNAME>BANQUETS-RATE</LEDGERNAME>
                <AMOUNT>27000</AMOUNT>
            </ALLLEDGERENTRIES.LIST>
            <ALLLEDGERENTRIES.LIST>
                <REMOVEZEROENTRIES>No</REMOVEZEROENTRIES>
                <ISDEEMEDPOSITIVE>No</ISDEEMEDPOSITIVE>
                <LEDGERFROMITEM>No</LEDGERFROMITEM>
                <LEDGERNAME>CGST@9%</LEDGERNAME>
                <AMOUNT>2430</AMOUNT>
            </ALLLEDGERENTRIES.LIST>
            <ALLLEDGERENTRIES.LIST>
                <REMOVEZEROENTRIES>No</REMOVEZEROENTRIES>
                <ISDEEMEDPOSITIVE>No</ISDEEMEDPOSITIVE>
                <LEDGERFROMITEM>No</LEDGERFROMITEM>
                <LEDGERNAME>SGST@9%</LEDGERNAME>
                <AMOUNT>2430</AMOUNT>
            </ALLLEDGERENTRIES.LIST>
        </VOUCHER>
    </TALLYMESSAGE>
    <TALLYMESSAGE xmlns:UDF="TallyUDF">
        <VOUCHER VCHTYPE="Counter Sales" ACTION="Create">
            <ISOPTIONAL>No</ISOPTIONAL>
            <USEFORGAINLOSS>No</USEFORGAINLOSS>
            <USEFORCOMPOUND>No</USEFORCOMPOUND>
            <VOUCHERTYPENAME>Counter Sales</VOUCHERTYPENAME>
            <DATE>30/11/2024</DATE>
            <EFFECTIVEDATE>30/11/2024</EFFECTIVEDATE>
            <ISCANCELLED>No</ISCANCELLED>
            <USETRACKINGNUMBER>No</USETRACKINGNUMBER>
            <ISPOSTDATED>No</ISPOSTDATED>
            <ISINVOICE>No</ISINVOICE>
            <DIFFACTUALQTY>No</DIFFACTUALQTY>
            <VOUCHERNUMBER>BQT-02400031</VOUCHERNUMBER>
            <REFERENCE>BQT-02400031</REFERENCE>
            <PARTYLEDGERNAME></PARTYLEDGERNAME>
            <NARRATION>FO BILL: BQT-02400031 GUEST NAME: FOUNDATION OF HIS SACRED MAJESTY; Arr.Dt:27/11/2024; Dep.Dt:30/11/2024; Roomno: : Recpt#: BQT-02400031</NARRATION>
            <UDF:HARYANAVAT.LIST DESC="`HARYANAVAT`"></UDF:HARYANAVAT.LIST>
            <ALLLEDGERENTRIES.LIST>
                <REMOVEZEROENTRIES>No</REMOVEZEROENTRIES>
                <ISDEEMEDPOSITIVE>Yes</ISDEEMEDPOSITIVE>
                <LEDGERFROMITEM>No</LEDGERFROMITEM><LEDGERNAME>INH ADVANCE</LEDGERNAME>
                <AMOUNT>-25000.00</AMOUNT>
    </ALLLEDGERENTRIES.LIST>
     <ALLLEDGERENTRIES.LIST>
                <REMOVEZEROENTRIES>No</REMOVEZEROENTRIES>
                <ISDEEMEDPOSITIVE>Yes</ISDEEMEDPOSITIVE>
                <LEDGERFROMITEM>No</LEDGERFROMITEM><LEDGERNAME>FOUNDATION OF HIS SACRED MAJESTY</LEDGERNAME>
                <AMOUNT>-49340.00</AMOUNT><BILLALLOCATIONS.LIST>
                    <NAME>BQT-02400031</NAME>
                    <BILLTYPE>New Ref</BILLTYPE>
                    <BILLCREDITPERIOD/>
                    <AMOUNT>-49340.00
                    </AMOUNT>
                </BILLALLOCATIONS.LIST>
            </ALLLEDGERENTRIES.LIST><ALLLEDGERENTRIES.LIST>
                <REMOVEZEROENTRIES>No</REMOVEZEROENTRIES>
                <ISDEEMEDPOSITIVE>No</ISDEEMEDPOSITIVE>
                <LEDGERFROMITEM>No</LEDGERFROMITEM>
                <LEDGERNAME>BANQUETS-RATE</LEDGERNAME>
                <AMOUNT>63000</AMOUNT>
            </ALLLEDGERENTRIES.LIST>
            <ALLLEDGERENTRIES.LIST>
                <REMOVEZEROENTRIES>No</REMOVEZEROENTRIES>
                <ISDEEMEDPOSITIVE>No</ISDEEMEDPOSITIVE>
                <LEDGERFROMITEM>No</LEDGERFROMITEM>
                <LEDGERNAME>CGST@9%</LEDGERNAME>
                <AMOUNT>5670</AMOUNT>
            </ALLLEDGERENTRIES.LIST>
            <ALLLEDGERENTRIES.LIST>
                <REMOVEZEROENTRIES>No</REMOVEZEROENTRIES>
                <ISDEEMEDPOSITIVE>No</ISDEEMEDPOSITIVE>
                <LEDGERFROMITEM>No</LEDGERFROMITEM>
                <LEDGERNAME>SGST@9%</LEDGERNAME>
                <AMOUNT>5670</AMOUNT>
            </ALLLEDGERENTRIES.LIST>
        </VOUCHER>
    </TALLYMESSAGE></REQUESTDATA>
        </IMPORTDATA>
    </BODY>
</ENVELOPE>