<?xml version="1.0" encoding="ISO-8859-1"?>
<ENVELOPE>
    <HEADER>
        <TALLYREQUEST>Import Data</TALLYREQUEST>
    </HEADER>
    <BODY>
        <IMPORTDATA>
            <REQUESTDESC>
                <REPORTNAME>TALLY INTERFACE</REPORTNAME>
                <STATICVARIABLES>
                    <SVCURRENTCOMPANY>Blue Nile properties pvt ltd-Joe Beach Resort</SVCURRENTCOMPANY>
                </STATICVARIABLES>
            </REQUESTDESC>
            <REQUESTDATA>
    <TALLYMESSAGE xmlns:UDF="TallyUDF">
        <VOUCHER VCHTYPE="Counter Sales" ACTION="Create">
            <ISOPTIONAL>No</ISOPTIONAL>
            <USEFORGAINLOSS>No</USEFORGAINLOSS>
            <USEFORCOMPOUND>No</USEFORCOMPOUND>
            <VOUCHERTYPENAME>Counter Sales</VOUCHERTYPENAME>
            <DATE>30/11/2024</DATE>
            <EFFECTIVEDATE>30/11/2024</EFFECTIVEDATE>
            <ISCANCELLED>No</ISCANCELLED>
            <USETRACKINGNUMBER>No</USETRACKINGNUMBER>
            <ISPOSTDATED>No</ISPOSTDATED>
            <ISINVOICE>No</ISINVOICE>
            <DIFFACTUALQTY>No</DIFFACTUALQTY>
            <VOUCHERNUMBER>FO-202400467</VOUCHERNUMBER>
            <REFERENCE>FO-202400467</REFERENCE>
            <PARTYLEDGERNAME></PARTYLEDGERNAME>
            <NARRATION>FO BILL: FO-202400467 GUEST NAME: PAUL KOSTKA; Arr.Dt:28/11/2024; Dep.Dt:30/11/2024; Roomno:224,230,217 : Recpt#: FO-202400467</NARRATION>
            <UDF:HARYANAVAT.LIST DESC="`HARYANAVAT`"></UDF:HARYANAVAT.LIST><ALLLEDGERENTRIES.LIST>
                <REMOVEZEROENTRIES>No</REMOVEZEROENTRIES>
                <ISDEEMEDPOSITIVE>Yes</ISDEEMEDPOSITIVE>
                <LEDGERFROMITEM>No</LEDGERFROMITEM><LEDGERNAME>Cash</LEDGERNAME>
                <AMOUNT>-15120.00</AMOUNT></ALLLEDGERENTRIES.LIST>  <ALLLEDGERENTRIES.LIST>
                <REMOVEZEROENTRIES>No</REMOVEZEROENTRIES>
                <ISDEEMEDPOSITIVE>No</ISDEEMEDPOSITIVE>
                <LEDGERFROMITEM>No</LEDGERFROMITEM>
                <LEDGERNAME>TARIFF</LEDGERNAME>
                <AMOUNT>13500</AMOUNT>
            </ALLLEDGERENTRIES.LIST>
            <ALLLEDGERENTRIES.LIST>
                <REMOVEZEROENTRIES>No</REMOVEZEROENTRIES>
                <ISDEEMEDPOSITIVE>No</ISDEEMEDPOSITIVE>
                <LEDGERFROMITEM>No</LEDGERFROMITEM>
                <LEDGERNAME>CGST@6%</LEDGERNAME>
                <AMOUNT>810</AMOUNT>
            </ALLLEDGERENTRIES.LIST>
            <ALLLEDGERENTRIES.LIST>
                <REMOVEZEROENTRIES>No</REMOVEZEROENTRIES>
                <ISDEEMEDPOSITIVE>No</ISDEEMEDPOSITIVE>
                <LEDGERFROMITEM>No</LEDGERFROMITEM>
                <LEDGERNAME>SGST@6%</LEDGERNAME>
                <AMOUNT>810</AMOUNT>
            </ALLLEDGERENTRIES.LIST>
        </VOUCHER>
    </TALLYMESSAGE>
   
   </REQUESTDATA>
        </IMPORTDATA>
    </BODY>
</ENVELOPE>